2424 4506
172 202 178 213 ’
218 263 261 313 ,a
284 241 443 307 uncia.
466 240 622 307 ancos.
643 240 707 355 nt.
729 246 883 312 1a-so.
1012 245 1079 313 ssa
1100 206 1115 263 ·’

56 427 151 481 fficio:
175 428 253 498 quod
273 426 427 479 infelicium
452 444 509 480 esse
534 428 681 481 consuevit„
717 426 786 496 [Vel
808 438 858 478 tua
883 426 1006 491 solatia,
1029 435 1079 480 tua

57 498 180 563 nmina,
207 496 306 565 quibus
329 494 523 561 consolamur]
539 524 572 535 —
608 504 651 555 19.
669 492 743 561 Quis
768 494 883 546 humum
901 496 1078 564 florentibus

59 562 150 631 lesuin
182 566 222 616 sic
253 572 294 617 est
316 564 436 631 dictum,
467 573 497 615 ut
521 565 568 631 (E.
591 570 624 629 6,
646 566 720 625 62.):
752 564 833 615 Tunc
859 564 1079 617 Pheisontt'adas

60 650 138 687 usse
165 634 326 686 circumdat
349 652 463 684 amarae
484 634 619 697 corticis„
643 647 726 700 utque
751 635 819 701 solo¹
835 652 966 702 proceras
992 638 1079 702 erigit

61 704 179 757 drou-
215 710 259 761 20.
275 702 448 770 [spargerem
465 702 483 753 i.
501 721 523 754 e..
542 718 682 772 aspersam
699 702 816 753 floribus
833 702 966 769 caneret]
1002 702 1077 755 Fon-

56 764 88 825 'tt
101 773 245 825 induceret
264 772 379 831 umbem
396 779 510 839 tegeret,
527 770 688 841 cooperiret.
727 768 775 822 Vel
792 788 863 838 quae
882 773 992 839 subtegi
1006 774 1078 823 tuci·
1153 812 1156 817 .

63 852 93 893 tu
116 843 169 893 etti
194 842 324 891 carmina
352 857 456 907 nuper3
488 838 718 907 [subaudiendum
744 842 882 891 nesciente
908 852 933 889 te
958 842 1079 909 sublegi,

62 906 146 963 'fleme
165 910 190 975 i,
215 918 243 962 et
260 906 343 973 bene]
360 908 463 961 rustica
480 909 625 960 affectione
642 908 782 959 reminisci
798 926 827 960 se
844 910 957 960 illorum
975 912 1078 962 carani-

56 992 113 1031 ἰιιι
133 928 228 1047 uirgis,
250 994 322 1047 quae
343 977 491 1045 aliquando
515 976 643 1045 Virgilio,
665 976 732 1031 licet
754 976 839 1029 invito
855 977 979 1029 Romam'
1001 979 1079 1035 eunti

64 1046 201 1101 detulerat.
234 1047 308 1097 Nam
325 1045 440 1114 Sublegi
465 1054 506 1098 est
527 1047 631 1096 lirratus
656 1061 724 1097 sum.
761 1046 839 1097 Unde
865 1054 892 1098 et
918 1049 1077 1116 sacrilegus

56 1108 155 1179 ,ddum
178 1115 227 1183 qui
244 1132 327 1165 sacra
347 1116 428 1183 tegit,
449 1114 467 1167 i.
486 1133 508 1166 e.
527 1116 644 1165 furatur.
677 1114 797 1183 [Plautus
821 1115 851 1166 in
868 1115 955 1169 milite
973 1120 1017 1185 (4,
1035 1124 1079 1183 ll,

56 1184 114 1247 tm:
139 1184 222 1252 Qreae
242 1186 328 1234 ‘etiam
348 1197 475 1235 nostrum
492 1182 567 1233 bunc
585 1201 738 1235 sermonem
756 1183 940 1251 sublegerat]
956 1213 992 1224 -
1032 1195 1077 1243 22.

55 1250 171 1319 ,delicias
189 1266 320 1317 nostras;
338 1252 357 1303 i.
374 1271 398 1305 e.
415 1268 594 1305 communem
612 1252 740 1303 amicam.
754 1278 788 1288 —
822 1260 866 1309 23.
887 1252 993 1321 Tityre,
1009 1256 1078 1305 dum

55 1323 140 1387 uedeo,-
164 1322 308 1373 Theocriti
325 1330 389 1373 sunt
405 1338 497 1374 versus
521 1320 657 1387 (verbum)
681 1319 847 1373 adverbum
866 1324 1005 1389 translati,
1029 1324 1078 1377 sed

55 1394 136 1459 {men
153 1389 262 1459 Virgilii
282 1390 427 1457 negotium
452 1390 630 1441 continentes.
664 1390 737 1442 Nam
754 1382 936 1461 dliuyopenoit
958 1393 1079 1461 imperat

66 1460 114 1526 eis,
134 1467 165 1515 ut
179 1475 244 1512 rem
262 1467 408 1525 tueantur,
430 1475 481 1512 nec
500 1466 594 1510 tamen
612 1459 732 1511 audeant
755 1468 851 1512 contra
868 1460 941 1511 Arrii
964 1478 1077 1530 praece·

64 1534 125 1649 Γ
139 1530 241 1581 venire.
273 1526 339 1595 [Sed
355 1528 408 1578 hoc
426 1535 474 1579 aut
489 1527 524 1579 de
541 1527 600 1596 ipso
613 1527 721 1595 Virgilii
735 1527 858 1580 carmine
872 1528 986 1595 Lycidas
1003 1539 1078 1581 retu·

89 1598 177 1661 ‚aut,'
197 1604 229 1647 ut
252 1595 300 1648 alii
342 1604 435 1661 utaut,
458 1610 602 1648 conversus
625 1594 661 1647 ad
683 1594 826 1663 gregalem
850 1612 930 1647 snum
947 1596 1077 1666 Tityrum

68 1656 122 1719 &lt
153 1666 190 1717 Et
205 1664 294 1731 bene,
316 1614 383 1717 dum
405 1665 572 1733 promittuut
594 1680 623 1715 se
645 1671 818 1729 cantaturos,
841 1663 1019 1718 nihilomiuus
1036 1668 1078 1719 di-

69 1742 121 1785 mit.
149 1732 222 1786 Sane
246 1733 405 1800 quaeritur,
428 1741 522 1784 utrum
547 1733 576 1784 in
599 1733 641 1783 his
664 1733 752 1783 tribus
775 1734 896 1784 versibus
920 1736 1076 1801 perlectum

69 1804 225 1865 mansit,
247 1820 281 1853 an
299 1802 410 1853 initium
428 1802 539 1853 alterius
561 1802 691 1852 carminis
708 1801 872 1867 imperfecti.
912 1802 1077 1855 'lhcocritus

73 1872 165 1936 lt,3.)t
192 1865 292 1939 Ttwpss
309 1864 378 1952 ἰέμὶν
394 1866 427 1922 sd
445 1867 528 1923 καλὸν
544 1865 726 1937 repelsam,
750 1866 830 1939 βόσκε
846 1866 894 1922 eds
911 1870 1005 1939 αἶγας,
1030 1879 1076 1927 eat

73 1946 115 1993 uel
127 1935 175 1993 eie
192 1937 295 2007 κράναν
312 1954 376 2007 atys,
398 1943 508 2005 Tirsos,
527 1947 571 1993 καὶ
588 1935 637 1991 cde
653 1937 783 2009 ἰνόρχαν,
800 1934 849 1991 rdr
865 1938 992 2009 Auianio
1008 1939 1076 1994 urd-

74 2005 279 2078 mpuldaoeo,
303 2006 342 2077 μή
360 2029 394 2061 eu
416 2007 538 2080 κορὺξῃ]
572 2008 649 2058 Inter
666 2012 821 2076 agendum
848 2006 914 2059 dum
939 2011 1004 2078 agis.
1039 2012 1077 2063 Et

182 2080 357 2142 locutio-est,
381 2076 403 2129 si
422 2078 544 2129 dicamus
566 2076 639 2127 inter
655 2078 830 2131 coenandum
847 2077 900 2129 hoc
918 2094 978 2129 sum
1001 2079 1076 2130 locu·

77 2146 109 2197 h.
125 2148 287 2215 {Afranium
312 2147 388 2197 Inter
411 2148 596 2213 loquendum
621 2146 738 2199 Ennius:
760 2146 836 2197 Inter
857 2150 1025 2212 ponendum.
1041 2174 1076 2188 -·
1135 2150 1138 2155 '

78 2214 264 2271 &Occursare
283 2233 383 2281 capro;
408 2216 491 2267 ordo:
509 2230 652 2266 occursare
670 2232 752 2284 capro
771 2223 873 2269 caveto.
891 2243 924 2255 -
958 2223 1001 2275 26.
1019 2216 1074 2267 Im.
1172 2225 1177 2235 ·

81 2294 118 2347 le,-
134 2302 181 2355 pro
205 2283 268 2349 uel]
302 2284 445 2335 Necdum
468 2284 607 2353 perfecta,·
631 2284 734 2336 nimiae
756 2284 950 2338 familiaritatis
977 2294 1018 2338 est
1041 2286 1076 2337 si·

142 2391 149 2417 ,
169 2354 243 2422 quod
260 2353 285 2405 ei
302 2352 438 2405 recitabat
454 2370 584 2415 carmen,
606 2354 729 2404 nondum
754 2354 787 2405 ud
810 2353 907 2405 liniam
924 2352 1076 2407 redactum.

112 2418 118 2431 '
140 2432 231 2473 antem
247 2437 371 2485 carmen,
388 2421 461 2488 quod
479 2422 555 2489 quasi
574 2430 703 2489 coeperat
719 2421 748 2473 iu
766 2422 903 2474 honorem
916 2422 980 2473 Vari
999 2439 1075 2473 com·

82 2496 166 2551 nere:
188 2502 217 2544 et
238 2508 289 2561 per
314 2491 459 2541 transitum
476 2491 554 2559 ponit
570 2491 676 2542 diversa
700 2490 902 2558 [figurationis]
923 2490 1022 2544 acedia.
1039 2519 1075 2531 -

83 2560 109 2611 Π.
126 2556 186 2611 Vere
210 2573 291 2609 tuum
318 2575 433 2617 nomem
457 2558 524 2610 ordo
549 2568 602 2609 est:
634 2560 705 2610 Vara
729 2567 809 2610 tuum
831 2576 934 2611 nomen
958 2561 1075 2611 sublime

83 2618 186 2681 heutad
201 2628 300 2681 sidera.
334 2626 447 2693 Superet
465 2628 546 2678 mado
564 2627 686 2677 Mantua
707 2628 804 2691 nobis3
828 2629 959 2698 supersit,
976 2630 1074 2682 redda-

83 2692 116 2743 ἱ.
139 2696 169 2747 Et
183 2697 237 2749 hoa
253 2695 334 2747 dicit:
352 2694 379 2745 Si
396 2694 475 2747 nobis
492 2697 607 2747 Mantua
623 2694 709 2748 fuerit
725 2697 848 2761 reddita,
866 2698 983 2762 faciani,
1000 2706 1030 2748 ut
1046 2704 1075 2750 te

83 2756 185 2817 &brem
207 2781 304 2816 omnes
327 2769 433 2833 potitae.
474 2764 528 2833 [Et
552 2764 623 2816 bene
647 2766 786 2818 affectiosa
810 2767 843 2818 de
868 2765 972 2835 patria,
997 2766 1075 2831 quasi

85 2820 175 2897 fillum,
196 2852 231 2885 an
249 2836 424 2900 superlatum
440 2831 494 2896 sit]
511 2860 544 2870 -
579 2840 623 2890 28.
640 2832 761 2883 Mantua
781 2853 830 2885 vae
848 2838 966 2884 miserae
986 2836 1073 2885 nimi-

55 2926 58 2933 ·
80 2896 206 2953 'heterna
226 2902 393 2965 cremona„
422 2901 492 2955 benc
509 2901 627 2969 ingemit
642 2902 860 2954 Mantuanorum
876 2901 1075 2966 infelicitatem,

85 2964 148 3029 filus
165 2972 222 3023 sola
245 2970 335 3021 obluit
351 2970 473 3021 vicinitas
492 2970 728 3022 Cremonensium.
761 2971 856 3039 [Nam]
874 2971 972 3034 Cassii,
995 2972 1073 3022 Bruti

85 3034 205 3111 ausonii
235 3038 329 3107 copias
352 3040 551 3090 Cremonenses
580 3048 770 3107 susceperant:
801 3056 869 3107 quos
894 3040 979 3090 etium
1002 3041 1075 3159 iplsos

85 3108 128 3155 {tte
146 3115 264 3171 excusat,
286 3106 379 3158 dicens
404 3109 522 3155 miserae
548 3106 714 3172 Cremonae,
741 3126 811 3175 quae
835 3107 919 3161 etiam
944 3109 966 3160 si
986 3124 1016 3160 ve
1039 3116 1074 3172 et,

85 3172 163 3229 lulius
186 3184 280 3228 tamen
304 3174 386 3225 taritis
409 3175 495 3242 copiis
518 3184 609 3244 posset
631 3177 767 3230 resistere.
802 3176 932 3228 Nimium
957 3172 1088 3243 [autem]¹

84 3237 158 3307 Utinm
181 3245 199 3297 i.
215 3264 238 3298 e.
266 3259 352 3312 risque
377 3243 413 3294 ad
435 3242 597 3312 periculum.
630 3246 731 3312 [Nam,
755 3247 821 3297 ortis
845 3245 922 3297 bellis
947 3246 1071 3297 civilibus

80 3298 128 3377 ,ΗΕ
142 3314 293 3365 tAntonium
317 3318 346 3363 et
367 3313 519 3379 Augustum
526 3349 533 3374 ,
566 3314 699 3379 Augustus
730 3314 815 3364 vietor
840 3315 1072 3366 Cremonensium

84 3382 145 3445 Q,
157 3382 220 3449 quia
236 3397 287 3452 pro
304 3380 422 3431 Antonio
429 3388 594 3443 nenserant,
611 3381 687 3433 dedit
703 3383 836 3434 militibus
854 3382 924 3447 suis,
941 3384 987 3450 qui
1006 3400 1070 3434 cum

84 3450 304 3519 huffecisseat,
326 3448 370 3499 his
393 3448 497 3501 addidit
520 3464 601 3513 agros
617 3450 798 3515 Mantuanos,
822 3468 878 3503 non
903 3463 1018 3522 propter
1035 3453 1072 3503 ci-

83 3516 127 3565 Μ
138 3520 256 3589 crdpam,
272 3518 319 3569 sed
337 3524 451 3583 propter
467 3517 654 3582 vicinitatem]
666 3547 701 3556 —
735 3526 779 3577 29.
798 3520 948 3571 Cantantes
964 3521 1071 3588 Gygam

78 3568 224 3653 ,lassatae
257 3585 301 3637 Sic
318 3585 446 3637 Horatius
464 3586 567 3653 (Carm.
586 3589 620 3650 4,
636 3597 669 3647 2,
687 3588 741 3648 25.)
767 3591 800 3640 de
818 3590 951 3641 Pindaro:
976 3590 1070 3641 Multa

53 3676 56 3681 ·
83 3638 197 3706 nt'rteeum
216 3657 289 3706 leuat
306 3670 378 3703 aura
398 3670 538 3721 cygnum
557 3656 633 3721 [saue
650 3654 788 3709 blanditur
806 3659 901 3709 Alfeno
918 3660 1006 3723 Varo,
1023 3659 1070 3725 qui

81 3704 165 3775 burae
179 3726 282 3792 stagno,
297 3723 403 3787 legatus
416 3722 619 3788 Transpadanis
636 3726 806 3792 praepositus
824 3735 865 3779 est
882 3726 917 3778 ab
930 3727 1069 3795 Augusta]

52 3798 61 3819 ’“
81 3800 100 3819 ’·
120 3796 155 3846 30.
171 3792 216 3843 sie
234 3790 283 3841 turi
310 3790 458 3857 Cyrnaeas·
470 3791 594 3859 fugiant
615 3797 747 3843 examina
772 3807 868 3859 tasas,-
891 3804 967 3846 taxus
990 3811 1069 3847 vene·

79 3858 118 3907 tlh
134 3860 214 3911 arbor
238 3866 291 3923 est,
323 3875 394 3925 quae
418 3858 538 3911 abundat
561 3860 591 3911 in
616 3861 742 3917 Corsica:
771 3860 841 3914 haec
866 3871 958 3914 autem
980 3863 1069 3914 insula

78 3914 151 3977 Gfaece
166 3928 266 3979 dicitur
283 3942 300 3975 a
318 3929 423 3993 Cyrno,
440 3928 563 3978 Herculis
579 3927 635 3979 filio
653 3930 833 3995 (Guelf.1.11.
854 3930 958 3982 Graece
976 3931 1067 3998 Cyme

77 3982 164 4063 dcitur,-
189 3995 285 4057 uade).
319 3993 397 4047 Unde
420 3996 486 4067 lacit
509 3996 581 4049 harre
598 3996 796 4053 derivationem
815 3999 959 4068 Cyrnaeas
976 4011 1067 4064 taras,
