2288 4514
869 45 887 70 x
935 40 940 47 .

157 278 226 335 ἰη
250 274 409 337 vmort.
434 248 592 337 bucon
612 280 657 352 x,
682 285 833 344 se-ss
898 288 903 295 ·
967 285 1029 348 ros
1068 256 1077 263 ’

45 483 47 496 «
63 492 65 496 -
93 455 211 525 puellae
225 456 375 509 Erinomae
390 448 512 509 'formam
522 457 674 527 ,pristinem
692 458 826 521 reddidit,
843 473 914 525 quae
931 438 1025 509 tamen

62 538 132 575 one
151 525 272 576 Taleum
289 526 422 591 (Vossius:
447 527 548 576 Talem
573 544 593 576 s.
613 527 734 585 Telemn)
760 527 847 577 tilium
865 527 1027 595 procreavit,

75 617 88 635 ..
114 592 180 642 viro
197 593 369 661 permansit]
385 621 422 631 —
464 602 506 652 19.
528 595 610 645 Venit
626 609 650 646 et
669 589 774 662 upilio;
800 595 904 661 [ovium
928 602 1026 659 custos,

58 687 69 701 κ
91 668 171 729 pter
186 666 310 712 metrum
327 663 367 713 ait
385 662 491 730 opilio:
517 678 582 715 nam
603 666 692 731 opilio
717 664 848 727 dicimus,
873 671 900 713 et
917 663 1025 713 Graeco

63 735 111 779 est
126 729 285 781 schemate:
308 731 379 783 sicut
401 732 438 783 illi
458 733 552 783 dicunt
576 727 658 801 eipso
681 749 733 800 pro
757 731 881 798 eoquod
906 741 946 782 est
963 725 1024 799 ὅρη,

41 827 60 868 ,¹
166 814 219 868 pro
237 799 361 877 eoquod
379 808 419 853 est
437 793 544 868 sinopem]
580 802 670 869 'l'urdi
685 818 782 852 venere
796 801 910 849 subulci
916 823 925 863 ,·
943 799 1026 865 tardi,

39 871 44 886 '
117 866 148 917 ti.
192 866 340 919 Terentius
363 867 392 918 in
410 870 630 922 Heautontimor.
649 876 691 938 (4,
707 877 739 934 5,
756 870 827 932 28.):
856 869 969 919 Tardus
987 885 1025 933 es,

49 934 174 985 'stultus
207 935 281 985 Nam
297 936 376 1003 porci
400 937 458 988 cito'
472 938 623 990 ambulant.
657 939 720 1006 [Alii
739 953 790 1005 pro
809 937 934 1007 fatigari
951 936 1023 988 acci-

53 1031 54 1036 =
71 1040 81 1069 ,
102 1002 221 1071 qnidam
236 1003 332 1054 dicunt
351 1004 414 1056 ideo
431 1007 517 1071 tardi,
541 1008 605 1070 quia
622 1007 699 1076 porei
716 1021 850 1074 nusquam
868 1011 1024 1074 poscuntur,

61 1070 197 1141 radicitus
220 1070 354 1126 effodiant
376 1070 509 1127 herbam:
536 1075 653 1128 Sululci
671 1084 765 1126 erstem
786 1083 908 1142 pastores
926 1088 1023 1141 porco·

87 1170 121 1181 -
156 1147 202 1196 20.
222 1139 331 1191 Uot'dus
356 1141 473 1195 hiberno
498 1147 573 1195 venit
598 1147 629 1195 de
653 1145 755 1212 glande
778 1143 942 1202 Menalcas;
966 1140 1023 1191 uvi·

75 1208 199 1277 pinguis.-
230 1210 267 1259 Et
282 1209 430 1262 humidum
455 1222 509 1276 est,
533 1215 605 1280 quod
628 1215 793 1266 extrinsecus
815 1211 900 1263 hebet
918 1207 1021 1276 aliquid
1056 1220 1059 1227 ¹

64 1277 125 1328 11':
152 1277 277 1327 Uvidum
294 1295 374 1345 vero,
398 1279 472 1349 qood
495 1283 665 1334 intrinsecus.
701 1280 778 1332 Unde
802 1288 830 1330 et
847 1296 912 1330 usne
930 1280 1021 1329 dictae

55 1344 154 1413 ,quod
170 1355 266 1396 tamen
284 1347 445 1418 plerumque
464 1352 635 1402 confundunt
651 1355 764 1420 poetae3
781 1348 909 1415 [hiberno
928 1355 1021 1398 utitem

40 1439 43 1446 s
69 1415 151 1478 enda,
168 1413 203 1465 de
219 1414 380 1487 collectione
397 1418 510 1486 glandis,
527 1421 591 1485 quia
609 1436 659 1486 per
676 1419 800 1470 hiemem
818 1412 975 1484 colligitur]
986 1440 1021 1452 ·-

53 1480 129 1532 Unde
147 1501 229 1534 anaor
248 1485 316 1548 iste5
340 1489 359 1535 i.
376 1505 399 1538 e.
422 1497 481 1539 tarn
505 1488 665 1557 impatiens,
690 1495 748 1537 tam
772 1487 866 1552 turpis.
900 1484 964 1553 [Alii
981 1482 1020 1533 aio

41 1550 85 1610 lli,
118 1559 143 1600 =t
161 1553 250 1615 unde,
272 1554 345 1620 quod
363 1571 418 1606 non
436 1556 533 1624 dignus
556 1558 603 1609 ille
620 1565 702 1623 etque
726 1568 838 1624 superet
860 1550 1020 1604 fastidieba·
1099 1612 1101 1617 Ι

35 1626 98 1693 ft·
123 1628 170 1677 22.
189 1619 271 1673 Galle
290 1624 359 1688 quid
378 1626 508 1688 imanis,-
537 1626 592 1676 vult
613 1641 691 1692 spem
708 1623 812 1675 amoris
829 1620 1020 1691 desperatione

42 1735 43 1738 ,
75 1686 107 1755 >]
147 1689 212 1740 Tuo
230 1707 300 1740 corn
318 1690 453 1758 Lycoris,
477 1710 567 1761 pectre
592 1693 715 1744 irrisorie
733 1691 836 1742 dictum
861 1699 908 1743 est
953 1687 1017 1736 Tua

78 1756 153 1823 ie,
176 1773 230 1827 pro
273 1775 308 1809 ua
330 1768 363 1811 tu
384 1762 422 1813 ita
446 1779 474 1814 es
498 1762 639 1826 sollicitus,
663 1768 690 1811 te
714 1760 852 1828 relinquit.
885 1759 922 1808 Et
945 1756 1032 1808 bene.

74 1824 121 1879 ulii
142 1776 333 1895 interrogent,
358 1831 433 1897 qussi
457 1832 523 1883 deus
540 1831 635 1901 Apollo
658 1829 819 1881 divinat-
853 1834 897 1883 23·
915 1824 1020 1891 Pensm

45 1950 50 1959 ¹
91 1924 93 1932 ι
118 1908 215 1947 eastre
233 1909 344 1959 seeum
361 1899 486 1967 [horrida
503 1916 625 1970 semper:
641 1914 717 1950 nunc
733 1905 848 1966 propter
865 1894 937 1945 bella
954 1892 1019 1944 civi-

39 1986 56 2022 :
73 1964 110 2015 Et
131 1964 281 2030 subtiliter]
306 1963 352 2017 hic
375 1970 465 2036 tangit
487 1969 653 2031 Antonium,
675 1975 707 2016 ut
730 1967 845 2018 diximus
869 1978 959 2030 supra.
983 1988 1018 1997 -

53 2028 215 2099 Quartana
238 2035 403 2088 concutiens.
421 2065 451 2074 —
495 2042 540 2093 26.
558 2035 645 2103 Quem
663 2037 788 2086 vidimus
813 2034 885 2099 ipsi;
912 2033 1038 2098 [utrum¹

46 2102 230 2170 ''praesentia
254 2103 368 2161 nuuiinu
393 2106 543 2173 agrestium
569 2115 598 2158 et
622 2106 679 2174 ipse
704 2113 731 2156 et
754 2103 856 2167 Fauni,
881 2118 916 2151 en
941 2096 1019 2167 quia}

33 2193 63 2240 :¹¹
92 2171 190 2238 (enirn)
214 2172 330 2224 numine
352 2173 516 2243 plerumque
543 2191 571 2226 se
595 2173 702 2224 rusticis
724 2175 833 2227 offerre.
875 2168 951 2218 Unde
976 2171 1017 2217 est

39 2242 76 2305 ἢ,
87 2241 162 2311 W:
185 2238 262 2289 Setis
281 2252 321 2291 est
337 2244 462 2309 potuisse
480 2243 580 2294 videri.
614 2240 772 2293 Notandum
789 2255 868 2301 sene,
891 2234 965 2305 quod
984 2250 1018 2286 ea

72 2337 75 2350 ι
88 2346 114 2371 ι,
137 2324 209 2377 quae
227 2309 391 2378 plerumque
408 2319 585 2373 amaverunt,
604 2311 674 2361 'dicit
691 2310 725 2362 ad
742 2316 895 2361 amatorem
913 2302 1019 2355 venire.

65 2377 165 2447 ¹Apollo
190 2377 293 2428 smuvit
316 2370 459 2448 Daphnin,
484 2380 541 2430 Pan
566 2378 725 2447 Syringam,
749 2378 876 2445 Sylvanus
900 2373 1017 2441 Cupres-

46 2446 130 2509 ¹(cod.
145 2444 179 2495 L.
200 2445 360 2514 Cyprum).
378 2475 412 2485 -
445 2457 489 2506 27.
508 2448 680 2514 sanguineis
697 2449 773 2498 ebuli
791 2447 894 2506 haesis,
912 2443 1017 2491 minio-

46 2516 211 2580 .rubentem;
236 2516 360 2583 [ebulum
379 2533 465 2582 genus
484 2525 524 2567 cst
545 2517 649 2568 herbae
667 2516 799 2567 sambuco
823 2511 921 2562 simile.
956 2508 1035 2561 Mt..

54 2592 143 2635 autem
166 2583 230 2635 ideo
248 2584 323 2650 quia]
346 2586 532 2650 facie(eni1n)
556 2587 642 2639 nubre
665 2584 788 2653 pingitur
806 2582 879 2643 Pan,
901 2583 1016 2647 propter

38 2652 100 2701 ‘fis
116 2652 336 2704 similitudinem.
370 2655 473 2706 Aether
490 2663 584 2704 autem
610 2663 650 2705 est
666 2655 798 2724 luppiter.
833 2647 910 2699 Unde
928 2648 1015 2696 etiam

45 2720 197 2791 phaiites,
222 2723 270 2788 qui
293 2721 399 2772 hebent
423 2723 516 2772 omnia
533 2723 601 2772 lovis
624 2723 757 2789 insignia,
778 2725 934 2784 sceptrum,
958 2713 1017 2780 pal-

30 2810 82 2840 211
117 2797 229 2856 togam,
258 2804 313 2856 qua
343 2791 493 2841 utebantur
522 2791 575 2853 illi,
606 2792 651 2858 qui
683 2791 804 2859 palmam
827 2783 1018 2834 merebantur.

82 2859 122 2911 ait
141 2858 277 2909 luvenalis
302 2864 361 2924 (10,
378 2860 445 2920 38.):
470 2860 503 2908 In
528 2861 625 2908 tunica
644 2860 730 2910 Iovis.
770 2855 880 2905 Faciem
906 2865 1015 2918 quoque

41 2926 144 2978 rubrica
160 2926 273 2978 illinunt
288 2927 375 2977 instar
391 2928 490 2978 coloris
507 2929 639 2979 aetherei.
655 2955 687 2964 -
729 2931 774 2981 28.
790 2925 876 2972 Amor
895 2936 952 2968 12⁰st
971 2930 1016 2966 Μ·

52 3008 142 3061 rorat,·
168 2995 245 3063 quasi
271 3002 395 3064 expertus
418 2997 463 3063 [in
483 2995 609 3063 Syringa]
630 2995 760 3064 quuitur.
778 3019 810 3028 -
847 2996 889 3046 31.
909 2987 1017 3036 Tristis

19 3064 203 3128 Uirronem
230 3064 275 3114 elii
300 3076 392 3113 tumen
409 3065 596 3131 superioribus
620 3066 756 3131 iunguntf
776 3061 823 3112 sed
847 3057 961 3119 melius,
984 3062 1015 3104 ut

36 3132 178 3202 flegamus:
205 3132 311 3183 Temen
330 3136 498 3183 cantabitis.-
525 3142 555 3182 ut
578 3136 612 3182 sit
635 3149 741 3184 sensus:
765 3131 845 3181 Licet
867 3141 917 3192 ego
942 3125 1012 3202 duro

70 3228 72 3231 ·
100 3219 262 3264 consumar,
290 3209 384 3252 tamen
408 3204 460 3252 erit
483 3202 626 3264 solatium,
657 3201 721 3269 quia
753 3215 832 3250 meus
855 3211 935 3245 euror
960 3199 1017 3242 erit

44 3295 45 3306 ¹
85 3271 222 3323 cantilena
240 3272 413 3335 quandoque.
449 3271 578 3336 [Videtur
603 3272 676 3320 enini
695 3286 784 3336 neque
801 3262 1014 3333 obiurgationes,

19 3345 73 3391 'ue
92 3340 292 3391 consolationes
309 3339 435 3404 resipere
454 3338 587 3388 obstinate
605 3339 769 3397 moritnrns3
792 3333 860 3386 nihil
884 3332 960 3382 enim
978 3328 1014 3379 ad
1065 3338 1067 3345 ’

77 3410 112 3461 ab
135 3411 175 3460 eis
198 3408 347 3474 respondit
366 3434 398 3441 —
434 3416 478 3463 33.
497 3409 635 3469 Arcodes;
660 3416 795 3476 pastores,
818 3411 845 3454 et
869 3396 1016 3467 ιῖλληγορι-

23 3470 34 3485 ”
53 3478 168 3531 osteiidit
184 3476 315 3542 Virgilius
333 3482 467 3542 quantuni
493 3476 517 3525 ei
537 3485 671 3541 praestet,
695 3490 822 3526 aurorem·
839 3472 895 3522 eius
913 3485 1015 3519 canen·

35 3542 44 3609 ]
72 3546 145 3599 Ossa
164 3548 328 3612 quiescant,·
346 3545 410 3594 hinc
430 3543 576 3593 confirmet
592 3563 620 3594 se
638 3562 695 3595 esse
714 3543 880 3609 (Orelli-lt.
894 3539 927 3588 al·
946 3551 1013 3585 ⁷le

10 3614 109 3678 elisit)
126 3616 303 3665 moriturum.
323 3638 356 3648 -
392 3618 434 3668 at.
455 3613 548 3678 Olinig
567 3615 652 3662 futuri
672 3613 803 3680 temporis
821 3617 860 3661 est
877 3606 1012 3657 modo.-

10 3684 97 3739 Μαι
113 3696 207 3734 custos
231 3687 343 3748 gregis;
368 3698 400 3731 at:
418 3682 439 3730 si
463 3682 581 3732 diceret:
614 3682 685 3747 Quid
708 3682 777 3732 mihi
800 3696 864 3728 rrum
890 3673 1012 3733 urbibus,
1043 3736 1057 3749 ἡ.

10 3748 39 3803 tbi
57 3762 118 3805 sunt
140 3752 303 3803 meretrices
320 3759 380 3800 tam
399 3750 528 3817 pulchrae
546 3767 629 3816 quam
648 3748 786 3818 perfidae?
821 3746 947 3813 [Vinitor
966 3754 1012 3788 au-

10 3824 58 3889 Ιι,
79 3822 121 3873 vel
142 3829 247 3884 custos,
271 3819 313 3869 vel
337 3818 426 3868 cultor
450 3818 613 3897 vinearum]
637 3846 672 3858 -
713 3826 757 3876 38.
779 3817 832 3866 Seu
857 3814 1016 3879 quicunque

14 3988 49 4041 ’21)
74 3993 143 4029 Bunn.
165 3991 229 4028 edidit
249 3992 269 4028 iu
291 3992 343 4030 sinc:
363 3991 420 4042 quod
439 4005 479 4028 nou
503 3991 559 4041 ‹lign-
582 3991 629 4036 illo,
653 4003 666 4027 a
680 4001 718 4040 qno
729 3986 804 4035 surcid-
820 3991 840 4021 ct
853 3982 874 4020 iu
889 3978 1018 4020 ussuoldfiuufl

69 4049 168 4087 coniecit:
184 4050 222 4088 ille
230 4076 236 4095 ,
251 4064 264 4086 u
279 4063 320 4101 qno
334 4049 418 4101 superbe
427 4047 502 4097 suslial.
