2288 4514
136 256 202 322 368
401 248 928 321 PROBICOMMENTARIUS

134 440 219 492 rimus
242 444 396 491 centaurus.
431 438 524 505 Pelio,-
547 446 588 491 est
604 438 763 496 'lhessaliae
786 456 881 497 mons.
899 468 938 483 -··
977 441 1063 505 1465

133 510 241 561 llumen
258 515 299 559 est
315 507 470 575 Luosnlae,
486 518 581 581 portus
597 509 743 575 Alburnus,
759 518 787 563 et
804 510 936 565 eiusdem
952 512 1063 565 nominis

133 579 169 631 ad
193 583 300 627 sextum
328 592 346 629 a
368 577 471 647 primis
499 577 630 647 tabernis.
677 578 861 633 Mentiouem·
884 580 957 635 facit
978 580 1063 633 Lucflil

132 660 227 699 versu:
265 644 400 713 Quattuor
423 646 488 700 hinc
513 647 549 700 ad
571 646 653 701 Silari
680 646 787 701 flumen
812 657 987 721 portumque
1007 649 1063 703 slus

125 716 213 768 ..lsilo
226 736 237 778 ς
275 729 362 783 genus
392 724 434 767 est
470 714 588 782 tabani,
630 714 701 771 odeo
732 734 820 783 acer,
857 725 894 771 ut
922 720 1009 773 solent
1038 736 1063 771 ιι

130 786 236 837 huosrs
265 785 428 852 inquietare.
474 787 594 838 Vocatur
616 786 724 839 Graece
749 794 865 839 oestron.
905 788 1063 843 Meminit,

131 852 263 907 historiae
278 852 332 903 hoc
349 853 411 904 loco
427 852 574 923 Virgilius,
592 855 650 907 eius
667 870 752 974 spiam
764 854 881 908 Ovidius
897 855 930 911 in
944 859 965 911 L
981 858 1063 910 nem

131 921 253 992 esposuit
275 921 371 991 plene,
394 922 532 989 reterens,
555 922 651 976 Inachi
695 923 762 975 liam
784 926 815 976 Io
839 940 1028 993 compressam
1047 942 1062 979 ι

131 998 266 1045 mutatam
291 991 320 1041 in
344 1006 471 1055 vaccam,
500 1000 592 1045 actam
615 1008 673 1045 osse
695 1008 746 1063 per
769 991 874 1047 orbem
904 1002 1063 1049 terrorum:

129 1063 218 1115 dorico
241 1056 276 1109 nd
299 1059 407 1113 flumen
431 1060 527 1113 Nilum
549 1061 637 1127 veuit,
667 1061 797 1131 quodque
820 1062 876 1129 ihi,
900 1065 1024 1135 mitigata
1042 1064 1063 1115 Ιι

129 1128 223 1183 finitus
239 1126 275 1178 sit
291 1129 349 1181 eius
370 1128 471 1192 laben·
488 1146 573 1199 quam
595 1129 741 1183 Inachiam
763 1130 833 1183 dicit
846 1132 986 1201 Virgilius.
1017 1134 1063 1187 Tu

130 1208 237 1251 torrens
254 1204 296 1249 est
312 1196 465 1263 Lucaniae,
480 1199 545 1267 qui,
561 1199 626 1253 o'um
641 1198 749 1271 pluviae
765 1206 843 1267 stult,
870 1202 984 1255 ellusior
999 1208 1063 1255 sats

128 1268 174 1334 vit,
190 1280 256 1317 cum
271 1282 411 1333 serenum,
426 1266 513 1319 siccus
531 1276 579 1321 est.
591 1294 627 1306 -
661 1274 722 1327 180.
735 1266 854 1339 Alphetu
867 1268 968 1324 fluvius
980 1278 1020 1325 est
1028 1268 1063 1325 tel

127 1337 189 1389 Pisa
212 1334 359 1405 oppidum,
380 1336 455 1403 quod
477 1334 575 1389 habuit
591 1336 758 1391 Oenomaus.
790 1336 875 1389 Eleus
890 1354 1017 1411 comptu,
1034 1348 1063 1391 su

128 1406 337 1473 Olympiacam,
360 1403 410 1456 ubi
433 1404 497 1473 equi
521 1421 631 1492 ‹psosyue
653 1412 769 1459 certant.
816 1404 930 1475 Scythia
951 1424 983 1461 re
1005 1409 1027 1458 'o
1045 1424 1063 1461 ιι

146 1473 333 1538 tentrionalis3
354 1472 456 1542 Belgae
481 1483 557 1526 natm
575 1474 729 1529 bellorum.
746 1502 781 1513 -
824 1482 889 1535 255·
905 1474 975 1530 Sabe
997 1477 1003 1489 '
1023 1492 1063 1546 ger

124 1495 234 1609 italiae,
256 1542 402 1595 coniuncta
419 1543 506 1607 meri,
529 1542 578 1596 uhi
594 1544 715 1598 maxima
731 1543 813 1613 copia
828 1560 964 1615 aprorum
980 1554 1025 1599 est.
1051 1546 1063 1597 l

125 1612 192 1665 urbs
216 1618 258 1664 est
279 1610 428 1677 Boeotiae,
453 1611 501 1663 ubi
524 1612 660 1675 Glaucus,
682 1611 789 1695 Sisyphi
810 1612 885 1666 sulm
908 1621 937 1667 et
957 1614 1063 1687 Merops

18 1740 21 1747 Ι
125 1679 297 1750 Asclepiades
314 1680 344 1732 in
362 1680 712 1749 Tragodeumeuonlib.1.
730 1682 898 1747 s1t,hsbuit
914 1698 1063 1765 equenffut

123 1758 248 1804 sueverat
264 1749 388 1803 humana
404 1766 488 1803 carne
506 1751 597 1816 alere,
620 1766 677 1821 quo
692 1750 819 1821 cupidius
840 1751 872 1805 in
888 1752 998 1807 hostem
1012 1768 1063 1805 srro

122 1828 152 1873 et
167 1818 356 1890 perniciosius.
388 1819 400 1871 1
421 1835 482 1871 sum
498 1827 593 1873 sutem
610 1836 675 1873 cum
691 1820 824 1873 alimento
841 1820 1019 1887 deiecissent,
1036 1820 1063 1875 de

122 1896 221 1941 verunt
245 1887 275 1940 in
297 1887 368 1940 ludis
397 1838 560 1941 Asnebrihus
583 1889 683 1942 Peliae.
731 1888 853 1959 Quidam
876 1898 973 1943 autem
996 1890 1063 1943 lusi

121 1956 266 2010 Diomedis
288 1956 388 2024 fuisse,
410 1973 477 2024 quas
493 1958 625 2011 Hercules
647 1958 683 2011 ad
700 1958 854 2027 Eurysthea
876 1959 1063 2031 perduxerint

121 2026 275 2095 Eurystheo
292 2033 320 2077 et
336 2024 449 2096 Sisypho
466 2027 625 2092 distractus,
649 2043 769 2096 eumque
785 2027 843 2079 lilio
860 2044 912 2081 suo
929 2028 1063 2083 deditoris

114 2124 157 2139 =-
190 2100 252 2153 280·
269 2094 456 2163 Hippomenes
480 2111 554 2149 nuno
576 2095 712 2165 significat
736 2095 765 2147 id
782 2097 855 2165 quod
878 2113 911 2151 ex
932 2096 1063 2167 inguimhn

119 2165 184 2217 fluit
200 2180 349 2231 equarum,
374 2163 446 2232 quod
464 2164 560 2215 danim
569 2166 745 2217 'amatorium
762 2173 815 2229 est,
838 2173 867 2219 et
883 2168 1009 2219 furorem
1022 2164 1063 2221 nd

119 2242 168 2287 aut
189 2231 413 2303 intempestivum
431 2241 486 2298 est,
510 2241 559 2285 eut
574 2234 681 2287 excedit
695 2234 820 2286 modum.
854 2234 1017 2288 Theodorus
1029 2236 1063 2289 hot

120 2298 179 2356 elsse
197 2300 275 2367 dicit,
302 2316 387 2381 ‹yuem
411 2300 475 2370 equi
499 2302 522 2353 si
545 2302 715 2371 gustaverint
738 2304 900 2356 efferantur.
932 2304 1057 2357 Castalius

119 2380 161 2425 est
176 2368 291 2440 Delphis
307 2387 338 2421 sn
354 2369 484 2438 Apollinis
502 2372 628 2435 oraculo,
651 2371 699 2440 qui
716 2370 804 2424 abluit
819 2372 912 2443 ipsam
929 2390 1008 2427 aratu
1022 2372 1059 2427 dei

117 2449 177 2493 ctus
199 2458 216 2491 a
233 2438 358 2504 Castulo,
380 2438 506 2509 Delphici
523 2440 653 2512 Apollinis
675 2440 749 2506 lilio,
772 2449 874 2510 nepote
891 2444 1018 2523 Neptuni.
1045 2442 1063 2492 A

117 2517 212 2563 autern
236 2508 336 2559 dicitur
360 2507 530 2574 Musagotos,
561 2510 627 2577 quie
649 2509 736 2561 Musis
759 2526 870 2561 sacrum
900 2512 1059 2565 existimetur

115 2577 242 2632 Lutatius
265 2576 295 2628 in
320 2576 412 2644 primo
429 2577 592 2629 Communis
608 2577 745 2631 Historiae
768 2578 823 2631 ait:
847 2578 903 2646 Qui
919 2580 1030 2634 deorum
1043 2595 1063 2630 ot

117 2655 220 2716 egerat.
254 2648 401 2711 Aquarius
418 2663 512 2711 anno,-
536 2647 658 2700 hiemem
682 2654 710 2701 et
725 2647 814 2699 Pisces
838 2647 955 2715 finiunt,
975 2650 1010 2702 ab
1031 2648 1063 2701 eis

116 2718 228 2787 incipit,
251 2715 304 2767 hoc
328 2724 369 2767 est
392 2714 486 2767 ariete.
504 2741 536 2753 -
571 2723 634 2774 312.
651 2716 753 2787 Cinyps
775 2717 910 2785 oppidum
933 2727 975 2769 est
995 2717 1063 2772 etfln

116 2787 226 2838 Africae
248 2784 369 2853 regionis
393 2784 611 2844 Garamantum
640 2785 715 2855 apud
736 2801 784 2837 eos
801 2785 886 2845 ¹hirci
910 2785 1058 2839 villosissimi

114 2863 240 2917 scuntur,
263 2871 330 2920 quos
346 2854 462 2906 tondent
479 2855 514 2906 ad
530 2853 619 2905 cilicie
637 2855 735 2921 quihus
751 2861 852 2906 nautae
876 2862 999 2909 utuntur.
1013 2885 1043 2895 -

114 2924 252 2991 Halcyone
269 2923 322 2974 fuit
339 2923 394 2974 filia
412 2923 502 2986 Aeoli,
526 2938 593 2974 uxor
609 2923 720 2991 Ceycis,
743 2939 797 2991 quo
821 2923 851 2975 in
868 2925 1012 2995 naturegio
1031 2939 1063 2977 sn

113 3000 220 3044 mutata
238 3000 280 3042 est
296 2992 325 3041 in
342 3009 440 3044 navem
457 2991 651 3059 Halcyoniem,
673 2992 751 3043 cuius
774 2999 869 3062 partus
894 2993 963 3045 dum
985 2992 1063 3048 erolud

112 3062 168 3111 VII.
186 3059 280 3112 diebus
304 3077 382 3113 mare
403 3060 530 3129 quietum
554 3068 602 3112 est.
635 3060 764 3112 Acanthis
786 3077 858 3129 quae
875 3060 984 3116 Graece
1004 3064 1063 3116 diets

112 3129 212 3180 Latine
229 3129 364 3181 carduelis
381 3137 508 3193 vocatur,
531 3147 546 3182 a
564 3128 675 3182 carduo.
708 3129 792 3181 Dumi
810 3139 943 3183 vocentur
966 3149 1053 3205 aspera

113 3206 141 3248 et
164 3196 282 3260 inculta,
310 3198 447 3250 collisosa.
488 3196 612 3270 Mapalie
640 3198 702 3251 loca
724 3199 832 3250 deserte
854 3198 966 3253 Punica.
1005 3202 1063 3253 Nun

111 3265 231 3334 mapalia
255 3274 353 3316 vocant
373 3274 447 3318 tecte
468 3283 533 3331 sua,
559 3283 629 3335 quae
651 3266 788 3319 subductis
813 3267 928 3321 navibus
950 3278 1012 3341 post
1025 3270 1063 3321 mil

109 3350 207 3404 regem
219 3334 327 3398 Persea,
343 3335 452 3387 inversa
467 3351 519 3406 pro
531 3335 672 3387 domicilio
688 3334 793 3389 habere
810 3347 971 3407 coeperunt.
1003 3340 1063 3409 Amy

109 3421 173 3468 um,
198 3401 376 3454 Laconicum.
417 3405 561 3469 Cressam,
584 3406 763 3469 Cretensem,
785 3406 851 3487 ‹yuia
873 3406 914 3457 ibi
937 3408 1063 3479 optimis

108 3471 174 3525 tatii
189 3478 260 3522 sunt.
294 3470 429 3542 Rhodope
446 3488 526 3525 mons
543 3474 688 3527 Thraciae.
720 3474 848 3527 Medium
865 3488 961 3543 arem,
978 3486 1063 3547 septen

108 3558 175 3596 nem
192 3540 319 3592 dicit-
352 3546 416 3598 382.
432 3542 506 3593 Euro
522 3542 659 3611 significet
674 3552 770 3608 vento,
787 3559 844 3596 non
861 3547 960 3615 ntique
976 3563 1023 3614 eo,
1036 3562 1063 3615 qt

107 3621 172 3664 ortu
195 3610 260 3675 ilat,
282 3607 333 3661 sed
354 3625 388 3661 eo
411 3626 496 3678 quem
513 3612 677 3680 Aquilonem
701 3627 836 3664 vocamus.
871 3613 1013 3683 Riphaeos
1031 3630 1063 3667 ms

128 3680 227 3745 uidam·
250 3685 416 3749 putaverunt
437 3678 525 3748 Alpes.
573 3679 624 3732 Sed
653 3681 766 3750 proprie
796 3687 859 3731 sunt
883 3683 1003 3754 Riphaei
1030 3700 1063 3735 nn

104 3696 239 3818 §pythiae
272 3746 414 3816 Scythium
429 3746 648 3815 interpretantur
663 3750 750 3817 lupini
773 3749 914 3819 colorem,
936 3752 1063 3823 quidam

105 3834 192 3869 scum.
211 3847 243 3860 -
277 3822 339 3874 391.
356 3814 476 3865 Munere
499 3825 565 3879 etc3
589 3818 662 3884 Pan,
684 3818 820 3869 Mercurii
836 3818 923 3884 filius,
946 3840 1013 3873 cuns
1028 3824 1063 3873 l.u

105 3885 294 3954 concupisset,
324 3891 353 3935 et
378 3882 495 3935 haberet
519 3885 655 3954 optimum
680 3903 777 3954 pecus,
803 3896 936 3957 poscente
961 3911 1010 3958 ea,
1029 3908 1063 3965 psl

105 3954 212 4025 pecoris
236 3969 288 4024 pro
315 3952 465 4004 concubitu
488 3952 589 4005 dicitur
612 3955 765 4024 pollicitus,
789 3964 817 4005 ot
834 3956 904 4009 duas
927 3970 1019 4027 partes
1040 3966 1063 4013 le

103 4036 223 4094 gregum
230 4060 239 4091 ,
267 4036 391 4094 qtmrtun
420 4020 539 4075 alteram
562 4024 768 4092 candidiorem,
797 4022 847 4080 ssd
874 4026 958 4082 lsnse
986 4028 1063 4085 enni
