2424 4506
377 824 577 928 Corrigenda
596 835 630 888 et
650 821 812 888 Addanda
833 821 906 891 Vol.
925 818 984 897 11.
1074 800 1076 805 ἵ

151 1089 183 1139 P·
219 1084 430 1155 idaliaelcg.
446 1099 504 1151 quo
520 1095 573 1153 pro
590 1094 670 1146 quae.
763 1095 766 1102 ¹
834 1134 837 1138 Ι

151 1183 188 1195 -
221 1161 258 1217 39
274 1172 354 1209 vorsu
372 1161 405 1212 11
424 1170 443 1206 a
458 1153 478 1206 l.
494 1152 549 1218 leg.
565 1148 662 1218 ἔρωτος
679 1162 731 1220 pro
749 1145 862 1218 ἴρωτωσ.

151 1251 185 1264 ··
218 1231 256 1283 49
289 1251 325 1263 -
358 1223 435 1276 ult.-
503 1250 536 1262 -·
566 1231 712 1287 patorpro
730 1230 811 1280 potet.
881 1228 884 1242 ¹

150 1320 186 1333 ···
220 1300 258 1352 70
291 1325 324 1337 —
360 1291 468 1350 232ss
502 1316 538 1328 -·
567 1289 628 1338 dem
646 1288 790 1368 pro-dein.
926 1340 932 1358 1
974 1335 990 1349 ἦ

151 1391 187 1402 ·-
205 1368 259 1424 106
285 1390 328 1409 ·-
361 1367 399 1417 20
502 1383 538 1396 -
571 1369 704 1425 κειμωνοι
719 1371 771 1423 pro
786 1350 919 1423 χειμὸνος,

41 1450 61 1489 A
149 1437 258 1488 -178
290 1457 338 1480 -.
359 1435 398 1486 20
413 1445 487 1499 pona
504 1443 615 1478 comma
632 1433 694 1494 post
711 1426 899 1477 domicilium.

151 1532 186 1544 -
202 1506 258 1558 218
290 1528 326 1569 -7
377 1503 395 1556 5
491 1496 546 1566 leg.
562 1497 650 1564 perite
666 1510 719 1564 pro
735 1497 836 1561 perire.
905 1516 907 1521 ’
941 1510 943 1517 ⁴

151 1573 261 1628 -240
293 1595 329 1610 ·-
364 1568 469 1626 ttaf.
503 1592 538 1604 --
572 1565 718 1632 pulmonis
735 1580 785 1634 pro
802 1564 892 1632 plum.

148 1666 185 1676 -
202 1647 266 1695 322.
288 1639 331 1691 De
354 1637 416 1689 loco
440 1634 545 1688 Sabidii
567 1633 602 1686 ad
626 1633 656 1699 A,
681 1639 733 1697 10,
752 1635 813 1690 241.
847 1628 1089 1703 spangenbergius
1103 1626 1158 1679 Ictu

150 1705 244 1760 celeb.
262 1705 377 1761 Cellens.
393 1706 472 1757 cuius
489 1704 618 1772 egregius
633 1702 668 1761 in
679 1701 926 1756 literashumanas
945 1714 1028 1750 amor
1043 1707 1072 1751 et
1085 1698 1159 1750 merita

132 1771 258 1829 'laudan
274 1779 339 1828 satis
355 1789 414 1827 non
452 1779 547 1824 ossunt
562 1771 759 1840 benignissime
771 1771 846 1824 'mihi
861 1770 960 1823 literas
977 1768 1070 1832 misit,
1087 1766 1160 1836 quibu

152 1862 218 1899 eum
236 1861 253 1896 a
269 1843 400 1905 Bluhmio
440 1856 544 1896 aronae
561 1840 643 1903 aliter
660 1847 690 1893 et
704 1841 858 1892 accuratius
879 1837 986 1890 lectum
1003 1853 1062 1891 esse
1076 1853 1117 1888 me
1130 1833 1161 1886 ad·

149 1911 279 1978 rhonuit,
304 1913 420 1982 ipseque
442 1913 474 1964 V.
496 1911 533 1963 D.
555 1907 728 1961 coniecturas
751 1907 903 1978 nonnullas·
920 1906 1053 1958 adiunxit
1099 1906 1161 1956 Van

145 1983 235 2052 igitur
253 1989 288 2039 10
305 2000 322 2035 a
338 1980 394 2034 fine
410 1979 474 2050 lege
490 1996 557 2032 cum
579 1977 622 2032 Bl.
638 1975 779 2030 Latinum
798 2016 806 2030 .
822 2012 830 2027 .
903 1977 1073 2044 quicumque
1097 1971 1162 2024 cincti

69 2103 71 2113 ,
146 2060 202 2104 etc.
236 2051 268 2102 V.
285 2055 312 2106 9.
335 2052 458 2116 adestis,
482 2048 572 2101 sicuti
588 2048 876 2115 tripudium'st'nistr.
900 2045 941 2097 Ὗ.
959 2051 987 2104 6.
1012 2047 1052 2096 its
1069 2046 1163 2112 impera·

149 2121 243 2186 bitur,
259 2117 400 2189 fidemque
416 2135 472 2175 m..
491 2155 499 2170 .
515 2153 523 2169 .
540 2115 662 2185 (moaml
679 2115 736 2186 sp.)
770 2117 801 2168 V.
819 2125 845 2175 3.
863 2118 968 2167 iterum
986 2149 995 2166 .
1014 2151 1021 2166 .
1038 2149 1047 2165 .
1064 2115 1163 2177 tur(1'u·

150 2206 215 2241 sum
240 2189 271 2239 id
296 2185 529 2242 onun'ciabotur?
553 2184 618 2254 Sp).
635 2212 670 2224 -
709 2187 744 2241 In
766 2183 952 2241 exscribendis
977 2179 1163 2235 commentariis

120 2281 124 2302 ι
148 2256 296 2308 Probisnis
313 2257 384 2310 haec
406 2275 424 2309 a
441 2272 487 2307 me
505 2257 607 2306 omissa
631 2272 690 2308 esse
713 2263 808 2326 postea
825 2253 893 2307 vidi:
916 2251 959 2304 Aa
977 2253 1010 2304 Ε.
1029 2261 1063 2316 3,
1080 2258 1119 2311 62.
1138 2249 1164 2298 Ει

149 2344 192 2378 me
209 2326 353 2393 Phoebus3
376 2325 473 2395 Apollo
491 2326 521 2376 in
543 2333 620 2376 terra
637 2325 693 2388 sol,
718 2324 777 2377 sine
801 2338 855 2393 quo
871 2324 969 2390 fruges
987 2320 1077 2391 neque
1094 2319 1165 2372 orion·

147 2405 212 2458 tnr,
236 2411 328 2462 neque
345 2401 542 2446 maturescunt.
576 2391 706 2444 Laurum
725 2394 880 2462 signatum
896 2391 1027 2459 accipere
1044 2392 1164 2448 debemus,

147 2463 224 2532 quod
239 2464 404 2534 Daphnem,
421 2470 453 2512 ut
470 2463 526 2512 vult
543 2461 706 2514 Parthenius
722 2465 753 2514 in
770 2462 908 2515 volumine
923 2461 1001 2528 quod
1017 2461 1051 2512 de
1069 2455 1166 2513 amanti·

39 2568 40 2573 =
146 2534 199 2584 bus
217 2531 389 2600 composuit,
404 2530 534 2598 Amydcsi
550 2529 638 2582 filiam
655 2532 760 2596 dilexit,
785 2547 869 2601 quam
886 2548 922 2583 ne
940 2543 994 2596 per
1012 2531 1067 2580 vim
1082 2540 1166 2598 stupra·

147 2609 209 2665 ret,
242 2602 370 2669 Iuppiter
393 2601 423 2652 in
449 2600 583 2652 arborem
607 2601 717 2652 laurum
741 2600 883 2652 convertit
926 2595 970 2658 Ad
994 2615 1019 2649 v.
1047 2606 1104 2657 106.
1130 2596 1164 2643 Iu·

148 2673 251 2735 scripti
258 2694 267 2733 5
292 2668 463 2738 Hyacinthus
482 2668 559 2718 enim
577 2668 614 2721 ab
630 2669 758 2739 Apolline
773 2671 916 2722 adamatus
931 2675 1048 2748 propter
1069 2667 1167 2719 nimiam

145 2739 401 2810 pulchritudinem,
424 2747 452 2790 et
469 2738 507 2790 ab
524 2737 585 2807 ipso
600 2753 652 2820 per
676 2738 862 2807 ignorantiam
881 2753 993 2788 occisus
1007 2737 1095 2800 disco,
1118 2751 1167 2786 con·

146 2824 240 2858 versus
266 2817 307 2858 est
330 2808 360 2860 in
384 2807 502 2871 florem,
526 2804 576 2875 qui
598 2825 629 2858 in
653 2824 682 2859 se
706 2807 799 2860 literas
822 2806 908 2859 habet
923 2807 1003 2872 Hya,
1028 2815 1060 2856 ut
1085 2805 1117 2854 sit
1131 2816 1167 2851 vox

145 2875 288 2944 plorantis.
323 2877 446 2944 Quidam
464 2891 498 2927 cx
515 2875 605 2927 Aiacis
622 2877 763 2943 sanguine.
797 2877 840 2927 Ad
857 2876 892 2926 G.
910 2880 939 2938 1,
961 2876 1101 2933 :inlusus
1116 2873 1167 2939 plus

145 2958 226 3012 porte
251 2945 384 3011 reliquit5
415 2960 434 2996 a
456 2943 625 3011 Scorpione,
651 2943 717 3012 quia
745 2944 874 3013 Scorpius
898 2942 1020 2995 duorum
1042 2945 1169 3012 signorum

145 3014 266 3082 spatium
282 3022 394 3079 teneat,
416 3014 447 3065 in
464 3013 542 3065 cuius
560 3013 680 3066 brachiis
698 3013 804 3065 duobus
820 3012 910 3085 posita
926 3020 1049 3078 statera,
1074 3013 1169 3079 signnm

145 3083 267 3146 Librae,
291 3099 363 3150 quac
381 3082 487 3135 Graeci
510 3075 594 3152 ζυγδν
616 3091 722 3134 vocant.
762 3084 822 3135 Hoc
847 3081 924 3133 enim
947 3083 1071 3149 spatium
1092 3082 1125 3133 ab
1145 3093 1169 3129 eo

146 3151 266 3202 detineri
283 3159 312 3202 et
329 3152 441 3203 Ovidius
458 3159 592 3218 testatur,
611 3166 676 3211 cum
694 3152 748 3204 ait:
766 3153 816 3203 Est
831 3152 907 3203 locus
916 3185 927 3213 ,
943 3150 975 3201 in
994 3151 1117 3218 geminos
1133 3146 1170 3198 ubi

145 3219 261 3270 brachia
277 3228 411 3273 concavat
426 3237 508 3273 arcus
522 3219 661 3288 Scorpius,
679 3228 707 3273 ct
722 3221 841 3289 caudam
856 3218 935 3270 flexis
952 3221 1085 3288 utrinque
1100 3219 1171 3269 lacer·

146 3289 183 3340 tis
198 3287 321 3355 Porrigit
336 3290 367 3341 in
384 3291 505 3359 spatium
521 3288 676 3358 signorum.
710 3289 753 3342 nd
775 3305 800 3341 v.
816 3295 860 3348 36.
877 3284 1030 3356 Quidquid
1048 3291 1104 3340 eris
1120 3296 1170 3344 etos

146 3357 298 3406 Tartarum
318 3360 358 3409 ait
374 3357 507 3426 Virgilius
525 3358 597 3426 apud
614 3358 719 3411 inferos
741 3360 836 3412 locum
861 3357 1046 3428 praecipitem
1062 3357 1169 3409 infinitae

148 3424 315 3489 altitudinis,
339 3443 405 3479 curn
427 3428 480 3480 ait:
502 3425 578 3477 Tum
594 3427 729 3484 Tartarus
743 3426 813 3494 ‘ipse
829 3424 876 3477 Bis
900 3435 980 3494 patet
998 3436 1049 3481 etc.
1083 3424 1170 3492 Elysios

148 3493 344 3570 campos'dicit
366 3498 440 3567 apud
463 3497 568 3548 inferos
593 3497 624 3548 in
644 3511 713 3564 quos
737 3496 909 3566 recipiantur
932 3496 1046 3566 piorum
1065 3496 1168 3553 animm,

149 3576 221 3640 qnos
236 3560 285 3610 aln
301 3571 399 3630 putant
415 3583 475 3618 esse
491 3564 592 3616 insulas
608 3565 914 3626 fortunatorrrm3'aa1n
932 3566 1009 3632 quod
1024 3573 1107 3633 negat
1118 3564 1170 3612 Pro

149 3646 291 3697 serpmum
307 3633 386 3696 sequi
402 3635 516 3686 voluisse
533 3642 666 3699 matrem,
690 3642 788 3686 contra
811 3633 961 3686 historiam
985 3635 1081 3688 refert
1113 3632 1170 3696 eog-

149 3698 208 3777 nito
226 3697 303 3748 enim
320 3698 379 3748 eius
395 3711 498 3768 raptu,
523 3703 609 3756 Ceres
626 3703 684 3756 Iovi
701 3702 800 3756 detulit
815 3703 980 3770 querelam,
1008 3704 1057 3774 qui
1072 3701 1171 3776 permit·

149 3772 184 3817 ιιι
208 3767 294 3845 matri
315 3765 404 3818 liliam
426 3766 579 3833 abducere,
611 3775 635 3824 si
657 3772 765 3824 nullmn
789 3772 886 3823 cibum
911 3789 961 3825 ore
987 3773 1061 3844 apud
1083 3772 1169 3823 inferos

149 3842 315 3915 contigisset.
351 3836 426 3888 Cum
441 3844 536 3889 autent
552 3838 685 3892 indiciam
696 3841 807 3893 iecisset
818 3841 996 3913 Ascalmhus,
1014 3841 1135 3909 Orphnes
1148 3843 1170 3887 et

149 3902 314 3979 Acherontis
330 3904 403 3958 filius
420 3923 484 3960 earn
505 3907 561 3957 tria
578 3923 666 3974 gram
689 3909 756 3962 mali
772 3910 870 3962 Punici
893 3911 924 3962 in
949 3912 1036 3964 horto
1052 3911 1119 3962 Ditis
1133 3905 1169 3956 de·

152 3988 260 4025 vorasse
268 3972 283 4036 ,'
303 3982 426 4030 mutans
442 3974 529 4030 estin
546 3990 625 4028 avem
642 3976 792 4032 bubonem.
827 3979 955 4050 luppiter
971 3989 1067 4034 antam
1082 3972 1169 4050 permi-
