2288 4514
171 307 232 397 'n
253 306 417 371 virore.
435 255 590 372 iocor.
611 310 680 388 u,
694 315 733 378 11
747 316 849 380 -eo
975 312 1040 386 121

74 481 142 559 ‚lios
158 518 189 530 —
230 499 273 561 11.
297 495 402 557 settin
423 493 581 559 inchoabit,
605 494 747 549 exordium
772 492 902 563 accipiet:
926 495 1056 545 aoreum‘
1086 542 1090 555 ,

59 558 119 609 'cet
133 560 263 629 seculum,
284 566 325 632 [et
341 565 404 616 ideo
424 565 524 629 inibit,
546 580 603 614 non
623 565 704 627 iniit,
758 563 787 615 ia
804 562 899 614 consul
915 563 1041 630 designa·
1085 590 1114 632 >-

59 626 138 704 ferat
176 629 294 698 Quidam
319 628 494 697 Saloniruun,
517 631 644 682 Pollionis
668 633 771 697 lilium,
799 631 944 701 accipiunt.
987 630 1041 682 Alii

59 698 132 762 *mem
148 697 271 773 Gallum,
286 702 411 756 tratrem
430 699 566 765 Salonini,
589 702 635 768 qui
653 702 730 767 prius
745 709 827 752 natus
843 708 899 764 est,
916 696 1041 751 Pollione

59 765 120 817 oue
135 766 288 836 designato„
317 770 447 820 Asconius
461 770 599 822 >Pedianus
624 786 640 819 a
658 770 737 820 Gallo
762 769 869 820 audisse
892 785 921 827 se
945 768 1040 833 refert,

59 832 88 879 le
102 836 220 904 eclogam
236 838 272 890 in·
283 839 421 890 honorem
438 839 495 888 eius
512 835 633 900 iactam]
651 864 685 875 -
722 847 764 895 12.
782 838 923 904 Incipient
942 838 1046 904 magni

59 905 151 954 >cedere
169 905 291 972 meissen
315 907 383 959 illud
406 908 509 975 tangit,
531 905 604 976 quod
621 907 702 957 lulius
722 916 755 961 et
777 909 910 976 Augustus
934 921 1041 956 menses

59 960 188 1041 lionorem
206 963 335 1038 Caesaris
350 984 377 1027 et
394 977 507 1044 Augusti
524 983 691 1044 acceperunt
706 975 830 1026 nomine.
865 975 939 1025 Nem
957 982 1040 1026 antea
1076 978 1081 987 ’

59 1041 134 1093 tutilis
152 1052 180 1095 et
196 1043 300 1098 Sextilis
317 1045 382 1096 dicti
402 1051 472 1095 sunt.
507 1044 543 1094 Et
559 1043 612 1094 hoc
636 1044 721 1096 etiem
738 1044 826 1097 trahit
841 1043 876 1094 ad
894 1046 1041 1111 argumen-

59 1107 161 1163 laurei
176 1113 270 1164 seculi.
303 1109 461 1183 [Possumus
485 1119 514 1164 et
532 1115 630 1179 magni
654 1128 705 1179 pro
722 1113 836 1178 pulchri
859 1112 998 1191 occipere,
1022 1111 1040 1163 i.

59 1179 125 1230 eurei
147 1181 253 1246 seculi]
269 1208 304 1221 -
340 1190 382 1248 15.
402 1180 439 1232 Te
459 1183 543 1245 duce,
565 1183 607 1232 vel
623 1184 758 1250 Augusto,
782 1182 823 1233 vel
838 1180 975 1247 Pollione,
998 1179 1041 1233 vel
1064 1199 1066 1204 ·

59 1246 133 1298 mino
163 1249 305 1318 [auctorel.
340 1251 458 1302 Sceleris
481 1253 734 1317 vestigio4nostri3
758 1250 829 1302 benc
852 1245 958 1301 nullum
983 1248 1041 1300 vult

59 1329 67 1364 e
82 1320 268 1386 praesentium
286 1323 445 1386 temporum
463 1320 574 1385 vitium:
592 1319 638 1370 sed
655 1319 784 1387 reliquias
802 1319 868 1370 dicit
885 1332 943 1370 esse
961 1333 1040 1386 supe-

59 1385 87 1434 n's
109 1388 214 1439 aetatis.
250 1389 294 1439 Sic
316 1389 347 1439 in
372 1387 516 1456 Georgicis
540 1393 583 1454 (1,
600 1394 654 1445 510
671 1390 738 1455 sqq.)
761 1405 826 1439 oum
846 1387 972 1454 laudaret
988 1384 1050 1437 Au?

59 1460 182 1521 ruisset
205 1454 333 1526 carperet
354 1465 499 1524 tempora,
522 1457 630 1508 dicens:
660 1455 775 1510 Vicinos
800 1459 889 1524 ruptis
915 1459 988 1505 inter
1011 1472 1041 1506 so

59 1523 113 1573 &tos
141 1527 223 1577 urbes
240 1529 325 1576 Arma
345 1526 461 1595 serunt:
487 1528 575 1575 saevit
600 1537 655 1576 toto
681 1525 763 1576 Mors
790 1525 940 1594 improbus
960 1524 1069 1597 orbes,
1126 1542 1129 1551 ¹

59 1591 107 1643 dit:
134 1593 340 1662 Ferturequt'i
356 1599 486 1673 odrigo,
511 1611 596 1661 neque
621 1596 702 1645 audit
727 1613 826 1646 currus
844 1593 983 1643 hohenoe.-
1011 1600 1042 1643 ut

59 1663 177 1728 ederet,
199 1672 289 1715 tentas
314 1681 371 1716 esse
393 1664 522 1730 reliquias
537 1664 761 1733 praeteritorum
779 1661 989 1726 malorum,·‘ut
1004 1662 1041 1714 ne

59 1732 166 1798 optimo
185 1732 295 1800 quidem
314 1733 424 1784 rectore
441 1732 532 1783 sedari
558 1745 636 1798 posse
654 1732 820 1785 viderentur.
855 1728 976 1797 Vestigie
994 1746 1041 1781 ari·

59 1841 61 1848 ,
77 1800 219 1852 scelerum
236 1801 303 1852 dicit
318 1801 392 1852 bella
409 1801 511 1864 civilia,
533 1817 603 1868 quae
621 1801 704 1869 gessit
720 1803 855 1869 Augustus
874 1807 972 1855 contra
988 1801 1042 1850 An·

61 1885 111 1920 um
136 1869 212 1938 ¹opud
235 1871 390 1922 Mutinam:
411 1878 509 1920 contre
533 1869 565 1921 L.
588 1869 750 1934 Antonium,
780 1871 898 1920 fratrem
922 1867 1042 1933 Antonii,

59 1939 74 1989 d
105 1940 272 1991 Perusium:
308 1947 405 1990 contra
436 1937 547 1990 Sextum
575 1937 761 2004 Pompeium,
799 1937 888 1988 filium
920 1936 1043 2007 Pompei,

59 2016 122 2059 reto
140 2007 290 2061 Siciliensi:
314 2016 412 2058 contra
429 2007 545 2058 Brutum
563 2014 591 2060 et
608 2006 734 2057 Cassium
751 2009 779 2058 in
798 2006 952 2058 Thessalia:
977 2002 1041 2056 con'-

59 2077 217 2136 Antonium
243 2085 271 2130 et
288 2079 465 2146 Cleopatram
487 2077 515 2126 in
541 2075 626 2144 Epiro
649 2077 722 2141 apud
747 2077 857 2126 Actium
881 2082 1042 2143 promonto-

59 2163 74 2196 e
93 2147 185 2212 [iuxta
202 2145 364 2210 Leucaten]⁸
382 2174 416 2182 -
453 2149 495 2202 11.
513 2145 617 2206 Irrito;
641 2143 675 2194 ad
693 2145 810 2196 nihilum
828 2146 945 2197 deducte
964 2143 1042 2195 vesti·

71 2226 103 2267 et
120 2231 181 2265 non
194 2215 272 2266 dicit:
291 2217 351 2264 lom
372 2217 454 2265 irrito
474 2216 583 2264 solvent
602 2224 691 2280 terras
703 2215 878 2282 formidine:
897 2214 956 2264 sed:
968 2211 1043 2278 fient

58 2297 96 2340 to,
117 2297 142 2332 et
158 2285 267 2333 solvent
280 2297 369 2335 terras
381 2281 550 2351 formidine.
586 2279 721 2348 Perpetuo
736 2292 829 2334 autem
844 2291 883 2334 est
901 2284 994 2348 longo.
1010 2307 1044 2319 -

59 2350 229 2404 nleDaeem
248 2359 335 2403 vitam
355 2355 485 2418 accipiet:
504 2353 670 2420 sicutsupra
687 2350 833 2402 ertiliciose
849 2351 960 2403 leudem
979 2366 1045 2417 con·

59 2423 108 2486 lit,
135 2429 169 2471 ut
184 2417 269 2488 poss'it
286 2439 343 2474 esse
361 2419 531 2485 communis,
548 2436 614 2470 nem
633 2421 668 2472 ed
685 2421 808 2487 quemvis
827 2429 915 2490 potest
932 2420 1042 2470 referri.

59 2513 67 2552 ς
96 2490 142 2540 vel
167 2493 202 2541 ad
225 2493 392 2558 Augustum,
417 2490 459 2541 vel
481 2490 516 2540 ed
533 2488 702 2539 Saloninum.
720 2515 753 2525 -
797 2496 838 2545 17.
854 2482 1057 2553 'pacatumque
1092 2504 1095 2513 ¹

59 2573 74 2610 t
94 2559 204 2626 patriis
222 2562 376 2611 virtutibus
402 2560 510 2621 orbem,
535 2559 577 2609 vel
594 2563 729 2624 Augustus
749 2559 886 2621 Caesaris,
910 2557 952 2607 vel
970 2556 1045 2606 Salo-

59 2646 83 2678 is
110 2617 242 2679 Pollionis
269 2631 368 2681 virtute
391 2637 521 2698 pacatum
546 2625 644 2678 orbem
668 2627 781 2678 tenebit.
830 2629 867 2681 lit
890 2627 963 2676 mire
985 2625 1043 2676 laus

59 2714 149 2764 usque
170 2707 210 2747 est
218 2735 234 2762 ,.
242 2705 269 2749 et
286 2699 344 2750 eius
361 2698 408 2765 qui
426 2696 546 2766 pacavit,
562 2703 589 2746 et
607 2695 653 2761 qui
670 2704 799 2762 pacatum
816 2702 916 2745 tuetur.
932 2719 966 2730 -
1002 2699 1044 2750 18.

59 2768 116 2818 riti
141 2768 246 2834 primo·
260 2785 328 2833 puer
353 2766 432 2817 nullo
458 2765 626 2814 munusculo
651 2767 745 2828 culto,·
775 2764 915 2815 rhetorice
940 2763 1046 2828 digesta

59 2835 134 2887 latio.
171 2836 232 2885 Non
252 2837 327 2886 enim
343 2835 382 2886 im
404 2834 497 2886 rovide
521 2833 549 2884 in
573 2833 708 2902 principio
727 2834 852 2884 universa
869 2831 1047 2898 consumpsit,
1116 2837 1120 2842 ’

73 2903 215 2973 paulatim
236 2904 305 2955 fecit
327 2852 438 2956 laridlm
452 2920 523 2969 ,cum
547 2909 638 2955 estate
661 2901 820 2971 procedere.
854 2896 1044 2965 Monoeculo3

59 2993 73 3026 e
100 2975 132 3024 in
156 2972 239 3023 rebus
263 2973 379 3025 minoris
394 2973 498 3025 aetatis
523 2987 585 3020 usus
609 2977 650 3022 est
676 2971 872 3022 diminutione:
897 2971 939 3036 [ut
964 2954 1043 3020 nullo

59 3062 102 3106 :u,
119 3041 138 3091 i.
158 3059 180 3091 e.
198 3042 384 3105 inarate,*sed
402 3059 450 3092 sua
468 3048 565 3109 sponte
582 3038 667 3102 nata]
680 3068 714 3077 -
751 3044 792 3096 19.
812 3039 949 3096 Errantes
967 3037 1048 3088 hede-

70 3112 184 3178 possim
203 3129 266 3160 curn
285 3113 400 3162 loccore
419 3111 518 3173 tellus,
543 3109 647 3176 passim
665 3119 800 3175 vagantes.
837 3108 914 3158 Unde
940 3105 1047 3175 antiqui

59 3183 83 3232 ci
101 3180 245 3232 dixerunt:
262 3181 420 3249 flexipedes
438 3177 568 3234 hederas:
594 3176 668 3244 quod
691 3173 844 3245 lineaeque
868 3177 930 3226 illac
946 3179 1048 3242 vagan-

94 3248 171 3300 Mire
196 3257 291 3302 autem
309 3266 429 3317 puerum
453 3247 594 3299 laudator
618 3246 682 3311 ipsis
701 3247 869 3297 muneribus.
904 3245 976 3295 Nam
998 3245 1049 3297 he-

59 3336 72 3370 e
97 3317 205 3369 indicat
227 3319 352 3372 futurum
369 3321 496 3387 po'e‘tem:
521 3325 550 3365 ut
569 3313 684 3380 (Eol.,7,
702 3317 771 3377 251:
800 3315 928 3365 Poscores
947 3313 1048 3363 hedera

62 3401 169 3438 centem
194 3387 288 3455 (codd.
312 3387 407 3439 Burm:
430 3385 531 3447 cresc.)
557 3394 653 3435 ornate
678 3389 797 3451 po'e'tom.
844 3382 952 3433 Boccor
984 3397 1048 3434 vero
1092 3408 1098 3414 ·

59 3555 73 3604 l)
92 3558 158 3596 Uen.
176 3555 217 3596 Vel
233 3556 344 3608 Ariguste‚
365 3559 400 3598 vel
419 3558 499 3602 Pollio,
519 3559 554 3596 ool
574 3545 682 3600 dolonem,
704 3556 718 3593 i.
733 3568 750 3592 e.
772 3560 862 3593 auctore.
897 3554 953 3593 Haec
969 3553 1052 3593 deerret

96 3613 165 3651 Gueli.
179 3614 195 3650 l.
209 3615 233 3652 ll.
248 3615 272 3651 L.
294 3616 320 3652 R.
342 3617 366 3654 V.
387 3617 435 3653 Vos.
457 3615 537 3664 steph,
557 3615 652 3652 Vossius:
675 3612 711 3651 vel
723 3615 751 3650 A,
766 3626 786 3648 ν.
801 3611 827 3649 Ρ.
841 3625 861 3649 ν.
879 3612 976 3650 Salonino
993 3611 1052 3656 duce,

96 3673 111 3710 i.
126 3685 143 3708 e.
158 3679 249 3708 erectore.
277 3673 341 3718 Mihi,
361 3673 459 3723 siquidem
475 3671 569 3710 vocativi
588 3685 644 3708 casus
665 3670 715 3707 bene
731 3682 751 3705 ee
765 3668 852 3711 habent,
872 3668 978 3716 legendum
992 3668 1052 3706 vido-

95 3735 142 3766 tur:
167 3730 214 3766 Te:
240 3730 279 3768 Vel
292 3733 389 3780 Acrgoste
405 3728 438 3768 vel
451 3730 534 3773 Pollio,
556 3728 591 3767 vel
611 3729 714 3767 Salonine.
743 3729 835 3769 Duce,
856 3727 869 3764 i.
884 3735 901 3762 e.
923 3732 1053 3764 auctorne-za

94 3786 120 3824 lu
134 3798 196 3824 versu
209 3785 263 3834 Virg.
277 3787 303 3823 L.
317 3790 383 3831 roscit
397 3800 439 3826 uno
454 3789 503 3837 imp.
517 3781 620 3829 arbeffls.
635 3786 658 3824 Β.
674 3791 717 3822 toto
732 3797 758 3820 m.
773 3785 824 3833 imp·
837 3781 901 3828 urbe}
916 3782 942 3820 el.
957 3783 1037 3832 impius.

59 3861 77 3915 l)
104 3867 155 3903 Post
168 3865 233 3917 longo
246 3866 315 3902 llurm.
331 3865 399 3903 addita
412 3866 474 3903 habct
486 3866 549 3903 haec:
565 3860 653 3914 [immo,
668 3863 747 3901 solvent
761 3868 859 3912 perpetua
872 3861 990 3905 maleine,
1005 3861 1019 3899 i.
1035 3874 1054 3899 e.

98 3924 180 3960 solvent
199 3922 305 3972 semeldinc
325 3921 346 3960 in
365 3923 502 3972 perpetuum]
522 3943 547 3951 -
568 3934 619 3973 queo
641 3921 714 3958 desunt
733 3921 784 3957 Mes.
799 3918 869 3966 Stcplr.
883 3920 936 3956 Deo.
952 3926 972 3956 et
986 3918 1011 3955 el.
1026 3938 1053 3948 -ι

97 3980 133 4018 Ad
149 3991 202 4017 verr.
215 3978 250 4018 16.
265 3981 333 4018 Burm.
348 3979 407 4019 han:
427 3979 492 4029 [Illis.
520 3977 585 4017 Deest
599 3970 637 4022 αὖ,
658 3977 671 4014 i.
686 3990 703 4013 e.
719 3977 743 4013 alr
758 3975 815 4024 illis]
830 3980 880 4024 quoe
896 3976 969 4017 desunt
984 3973 1052 4012 ouett

95 4036 152 4073 Lll.
166 4037 190 4073 Β.
204 4036 231 4074 o,
244 4037 270 4073 R.
286 4037 310 4072 V.
331 4039 378 4086 Vqr.
400 4019 468 4086 lteph.
483 4037 550 4083 Dan,
568 4035 589 4072 iu
604 4034 643 4071 tna
656 4045 676 4071 r.
691 4033 725 4072 17.
746 4039 793 4084 post
806 4043 827 4071 ν.
840 4037 911 4073 suerio
924 4033 977 4072 Dm.
992 4038 1012 4072 et
1026 4031 1054 4071 el.

96 4092 159 4134 odda
174 4093 208 4134 rol
221 4100 273 4136 certe
284 4095 361 4147 poerit·
376 4094 430 4142 alte,
446 4093 501 4136 deut
515 4091 554 4139 ol,
568 4093 582 4132 θ’.
597 4105 614 4132 e·
629 4089 654 4132 o't
668 4089 718 4131 iton
