2288 4514
104 280 172 345 332
289 230 573 333 curtracum
596 267 962 336 conusursmus

103 472 168 513 sum
190 456 257 511 Osci
278 456 406 510 dictmttsr
429 456 593 524 frequenter
615 422 1036 525 exercuisse,¹etp'er1tslian

103 530 177 581 sisse.
194 554 230 565 -
264 530 326 583 39³.
343 526 418 592 Ergo
441 533 547 578 veteres
571 540 622 595 pro
645 524 746 577 merito
770 523 914 577 dicebant
947 520 1052 575 tinen

18 596 24 609 “
104 598 135 649 in
150 594 242 647 Milite
257 594 376 663 glorioso
393 598 435 660 (1,
452 600 483 657 1,
499 592 570 655 61.);
586 591 706 643 Hiccine
725 591 851 645 Aehiiios
869 592 934 645 est?
952 592 1052 657 intuiti

106 670 192 717 immo
216 664 279 714 eius
296 664 406 731 fratem
430 681 496 729 ergo
522 674 659 713 mecastor
680 660 798 729 pulcher
821 674 877 717 est.
914 660 951 713 Et
966 658 1052 711 etit!

104 734 223 797 Merito,
245 731 350 799 inquit,
373 747 451 783 sacra
468 731 603 782 iaciemus
620 732 664 794 ei,
683 732 762 781 citius
785 730 924 783 beneficio
939 726 1052 799 vinetsp

104 802 192 854 niunt.
208 826 244 839 -
278 804 339 859 395.
357 800 449 852 Stabit
465 816 561 863 socer3
578 798 742 867 improbant
759 800 837 850 enim
854 800 894 851 Ar
947 796 1052 851 'usin

105 888 176 940 quac
200 868 313 922 admota
335 868 468 920 altaribus
492 868 651 920 reluctatur.
668 894 704 906 -
736 871 800 924 400.
816 866 895 919 Lena
939 882 1000 929 semr
1019 864 1052 917 itit

104 940 230 991 tandum.
252 963 288 976 -
332 943 396 996 403.
419 938 518 999 Seras,
547 938 676 1001 setulas,
694 936 794 989 aridas.
818 964 853 977 -
899 940 964 995 405.
985 934 1052 1017 iistis

103 1000 1052 1151 1dresirlre,etpir¹i¹1issiiopriutgiltaiitniisutiles⁴iii31tsspiiiiiutiistci’erreidoriu,¹¹13

105 1148 157 1199 bus
174 1160 257 1198 novos
273 1144 405 1213 posueris.
415 1171 447 1181 —
482 1149 545 1201 417.
563 1146 661 1205 Antes3
679 1144 749 1196 Cato
765 1144 802 1197 de
817 1144 863 1197 Re
879 1142 1006 1195 milium
1028 1138 1052 1193 i's

106 1214 240 1282 quottuisr
257 1212 348 1279 (Febr.
366 1212 471 1273 Primo)
497 1214 678 1280 agminibus,
702 1214 810 1278 equites
833 1213 882 1281 (aL
900 1210 1012 1281 ouibus)
1026 1208 1052 1261 dr

106 1286 221 1336 ontibus
239 1284 329 1334 ducos
347 1282 438 1349 (Fabr.
457 1285 561 1334 dueest.
597 1282 666 1334 Sunt
689 1289 784 1334 autem
807 1290 950 1335 extremae
972 1278 1052 1349 quain

104 1362 207 1423 partes.
222 1379 258 1391 -
297 1356 360 1409 421.
379 1351 547 1418 Expectant,
570 1351 806 1418 subaudiendum,
828 1350 893 1403 talis
915 1348 1025 1403 catus

104 1438 170 1475 rum
194 1429 222 1473 et
247 1420 346 1472 oliveta
366 1420 503 1475 coluntur.
551 1421 588 1472 Et
610 1419 685 1489 quod
709 1421 761 1472 ait:
785 1436 837 1471 neo
860 1434 979 1472 currem
1001 1433 1052 1484 esps

100 1492 212 1563 fecem,
235 1489 401 1543 extrinsecis
423 1488 644 1557 subaudiendum
669 1489 747 1541 omni
769 1505 862 1555 anuo,
885 1490 952 1559 quia
974 1493 1002 1539 et
1020 1488 1052 1555 ip

35 1568 42 1575 ’
105 1560 249 1614 intervallo
271 1558 334 1611 rsdi
349 1559 443 1611 solent
463 1590 496 1601 -
530 1562 592 1617 434
611 1557 690 1625 Quid
714 1561 841 1619 maiorm
894 1556 1004 1609 comodo
1023 1570 1052 1607 m

106 1630 130 1684 si
146 1630 242 1683 salices
258 1627 319 1699 plus
335 1635 399 1681 ssmt
422 1628 557 1693 humiles,
579 1644 666 1695 qssam
682 1626 828 1697 myricae?
899 1627 993 1679 luitur:
1013 1624 1052 1677 Hit

106 1716 152 1752 stu
177 1708 232 1762 est,
258 1705 287 1750 et
309 1698 378 1750 liaeo
401 1697 607 1749 subdistinctio:
631 1697 704 1766 Quid
727 1697 836 1749 maiora
852 1694 971 1765 sequar?
993 1700 1052 1746 etr

107 1770 194 1822 etiem
211 1768 273 1833 illa,
290 1784 361 1836 qstae
377 1774 457 1838 putes
474 1782 532 1819 esse
548 1768 766 1825 contemnendo;
790 1765 912 1817 multum
928 1769 1052 1835 ponunt«

106 1838 188 1904 lices,
211 1844 242 1890 et
259 1838 398 1905 myricae,
421 1836 477 1888 sive
494 1842 637 1903 genestae,
660 1836 798 1905 prodesse.
814 1860 850 1873 -
884 1839 948 1891 437.
968 1831 1052 1883 Under

105 1907 297 1960 fluctuantem.
313 1934 347 1943 -
382 1909 445 1963 4313.
468 1904 606 1956 Neritias
612 1928 622 1969 ,·
647 1912 678 1955 ut
700 1906 740 1970 (Δ.
758 1913 789 1970 3,
807 1905 880 1965 399.)
906 1902 953 1953 iiic
977 1910 1005 1955 et
1023 1898 1052 1951 Ns

106 1986 264 2043 posuerunt
287 1976 397 2026 moenio
422 1972 517 2026 Locri.
541 2002 576 2011 -
609 1977 671 2031 439.
690 1974 843 2038 obnoxiu
868 1970 987 2042 egentia.
1003 1994 1035 2007 -

107 2046 207 2107 flotin
223 2052 298 2096 rotas
316 2060 348 2096 er
364 2042 458 2094 solidis
472 2042 574 2096 tabulis
589 2043 691 2108 ismae,
705 2050 839 2114 tympana
855 2040 1010 2113 appellavit,
1023 2046 1050 2097 et

106 2114 184 2167 coloe
207 2114 363 2175 necessarie
386 2112 564 2178 distinguunt.
607 2112 737 2175 durum,-
767 2112 880 2181 signum
904 2108 1052 2179 (Lignum),

108 2182 241 2237 arborem
265 2181 339 2233 dixit
386 2179 518 2247 Quamvis
542 2182 625 2232 Ennii
649 2182 788 2251 exemplo,
816 2188 845 2233 et
869 2181 1000 2233 arborem
1022 2192 1052 2246 po

106 2254 201 2305 dicere
225 2259 324 2303 neutro
347 2264 458 2318 genere.
491 2251 540 2302 ille
564 2252 640 2303 enim
662 2250 701 2301 sic
723 2253 753 2303 in
776 2251 910 2320 septimo:
934 2248 1052 2316 Longior

108 2321 275 2390 longaeque)
293 2320 420 2385 cupressi
433 2319 514 2370 Stant
533 2323 615 2372 rectis
627 2320 717 2387 foliis
734 2333 760 2370 et
778 2332 876 2371 omaro
895 2318 1052 2386 corporeis

107 2418 143 2431 -
176 2394 237 2448 456.
258 2388 441 2455 Pholumque3
465 2389 511 2439 hic
535 2390 657 2456 qiusestio
681 2397 736 2453 est,
759 2404 810 2439 cur
833 2389 952 2440 Pholum
976 2389 1045 2439 inter

106 2469 200 2514 tauros
217 2460 397 2511 interiectum
414 2458 488 2508 dicat
505 2474 588 2525 quem
605 2458 735 2510 Hercules
752 2458 836 2509 etiam
854 2458 993 2527 hospitem
1009 2454 1052 2507 hat

108 2548 159 2584 nec
177 2529 245 2581 duur
262 2526 357 2593 (suini
382 2526 416 2578 G.
434 2538 460 2577 et
478 2544 527 2579 nec
546 2529 624 2590 disin)
641 2527 825 2591 infestaverit,
842 2527 890 2579 sed
909 2525 1052 2598 peremptis

108 2601 210 2663 tauris,
234 2614 298 2647 cum
322 2595 434 2663 sagittas
458 2596 516 2648 eius
540 2597 640 2647 Pholus
663 2596 827 2660 miraretur,
859 2612 916 2647 una
940 2612 1037 2649 earttm

110 2670 209 2740 pedem
226 2668 310 2737 ipsius
328 2666 442 2729 cecidit,
460 2673 487 2717 et
505 2666 532 2717 ei
549 2666 637 2718 letalis
653 2667 712 2716 fuit.
747 2667 823 2716 Inter
841 2665 976 2733 Lapithas
993 2672 1052 2717 autc

110 2741 263 2793 Centauros
280 2735 386 2787 ballum
403 2735 456 2786 tuit
480 2742 594 2803 propter
611 2735 823 2805 Hippodamiam
840 2735 898 2786 sive
917 2735 1052 2787 Deianiru

110 2826 174 2859 cum
192 2808 227 2859 ad
243 2807 408 2876 rapiendam
423 2805 558 2873 virginem
576 2805 724 2856 insolentes
738 2805 873 2855 Centauri
890 2804 1015 2868 fuissent,
1030 2818 1046 2853 a

109 2879 164 2929 tisis
188 2884 250 2927 sunt
274 2875 369 2928 attriti
396 2901 428 2911 -
468 2880 529 2930 460.
553 2874 718 2923 iustissimo
746 2875 844 2936 telius;
871 2875 1035 2925 iustissima

109 2945 264 3016 quomodo,
288 2946 309 2996 si
333 2945 400 2997 alibi
423 2943 490 2994 dicit
512 2946 555 3008 (1.
575 2943 657 3001 mus:
684 2944 840 3009 Coeumque
866 2944 1046 3009 ioperumque

109 3033 278 3081 saevumque
297 3015 459 3082 Typhonem
483 3013 527 3078 (G.
547 3011 696 3079 Typiioeot.
731 3012 861 3064 Solvitur:
885 3013 952 3064 Ideo
977 3013 1052 3062 iusti.

109 3085 176 3152 quia
198 3101 262 3133 curu
281 3084 394 3135 dns-imis
412 3083 502 3134 reddit
525 3084 645 3142 fructus,
671 3083 744 3149 (prod
768 3089 809 3132 est
831 3096 953 3148 magnae
969 3082 1052 3132 iustiti

22 3193 25 3197 .
109 3160 172 3211 463.
197 3154 330 3215 inhians,
358 3154 511 3216 mirantur,
537 3158 566 3202 et
589 3152 808 3202 subaudiendum
833 3150 991 3202 salutantes.
1009 3177 1043 3187 -

110 3223 212 3284 Sooro3
238 3239 352 3272 sacrum
378 3223 433 3273 dici
456 3222 565 3285 volunt,
587 3220 663 3337 guod
686 3220 720 3270 sit
743 3235 808 3269 cum
832 3219 986 3287 reiigione3
1011 3236 1052 3269 sai

149 3291 185 3342 od
208 3306 274 3340 cum
296 3306 401 3343 umore.
425 3318 460 3329 —
499 3294 560 3347 475.
609 3292 729 3350 simum,·
753 3288 878 3357 prunum
904 3295 934 3340 et
956 3295 1021 3341 ante
1045 3302 1052 3336 t

134 3366 159 3411 t:
186 3360 297 3409 Primus
323 3362 366 3410 iti
390 3373 454 3411 ante
480 3377 582 3410 omnes.
600 3386 633 3397 -
675 3363 736 3414 477.
760 3358 875 3417 δι’άιτας
901 3365 997 3408 utrum
1021 3374 1053 3408 ea

110 3446 174 3480 cum
192 3430 270 3481 coelo
288 3430 416 3479 feruntur
432 3429 528 3493 infixa,
553 3447 588 3479 an
606 3444 690 3496 vaga,
706 3444 777 3495 quae
797 3427 940 3478 contraria
955 3428 1034 3480 coelo

109 3498 281 3549 ‹mintriunt›
311 3499 354 3548 An
379 3514 474 3550 omnes
498 3499 566 3550 coeli
591 3497 650 3549 viae
668 3506 750 3548 notae
768 3494 848 3545 sunt?
883 3495 1036 3549 Asinistra

109 3568 310 3637 septentriones
328 3584 346 3617 a
361 3568 463 3618 dextra.
500 3567 578 3634 Quod
603 3569 683 3633 vulgo
701 3566 810 3628 dicunt,
836 3563 948 3615 laborat
971 3566 1044 3618 luna.

112 3640 197 3689 Vnrro
221 3638 251 3689 in
281 3637 427 3703 Cynistore
460 3636 630 3705 (Cynistore.
656 3634 689 3686 G.
715 3638 746 3685 in
772 3636 898 3700 cynistro
924 3634 987 3697 ee).·
1026 3636 1052 3684 E

112 3709 225 3772 picando
238 3706 292 3775 jis,
318 3722 369 3755 cur
388 3707 457 3755 luno
477 3707 589 3757 laboret.
626 3706 659 3755 Et
678 3708 704 3755 si
722 3704 773 3757 hos
799 3704 921 3754 ridicule
947 3706 1052 3755 credun

113 3790 192 3841 cunt,
218 3777 286 3841 quid
311 3776 449 3827 loborans.
467 3801 501 3813 -·-
536 3779 597 3831 478.
616 3775 766 3842 Defectus3
791 3772 880 3824 varios
905 3772 1031 3825 deiectus

111 3844 177 3894 sium
195 3846 362 3915 Epicurum,
379 3845 427 3910 qiu
444 3843 496 3893 ait:
518 3860 573 3893 non
593 3861 679 3895 unam
696 3858 808 3894 causam
826 3844 1052 3910 pronuntiandan

111 3913 151 3963 sui
168 3914 287 3968 deiicere
303 3915 425 3977 videtur,
442 3911 489 3964 sed
507 3913 601 3963 varias.
636 3916 726 3965 Potest
743 3914 819 3963 einim
836 3911 899 3963 fieri
916 3919 949 3962 ut
965 3914 1052 3982 extitit

113 3990 143 4029 ut
158 3983 265 4053 longius
282 3983 406 4045 recedat,
429 3990 459 4031 ut
476 3980 584 4047 aliquod
604 4000 668 4033 eisin
686 4000 786 4050 corpus
802 3981 963 4036 abscondat.
998 3981 1052 4032 Lus

113 4054 236 4119 tssbores3
268 4056 355 4106 tunae
379 4060 473 4105 autem
497 4050 608 4102 iabores
631 4053 711 4116 dicit,
741 4067 805 4102 cuni
841 4050 957 4104 dimittit
987 4051 1052 4103 itum
