2288 4514
59 312 62 331 .
135 282 198 347 no
389 268 528 333 suuvn
550 270 930 345 conunuruums,

132 462 209 513 bere.
241 455 283 509 Ab
307 463 425 525 utroque
444 455 521 509 enim
544 455 685 509 medicina
708 458 868 511 amantibus
893 462 988 525 venit,
1010 463 1049 531 [et
1080 495 1081 498 ,
1142 473 1144 482 ⁴

133 544 184 650 ppo
211 524 358 589 medendi]
374 550 408 563 -
449 532 493 582 bl·
511 524 655 592 Perfidus,-
678 542 753 577 nunc
776 528 884 579 scilicet
907 530 1082 609 pertidm.-
1140 537 1144 573 t

160 599 246 649 lmine
271 598 302 645 in
327 596 406 659 ipso,
435 594 466 645 in
494 592 556 643 loco
579 608 673 659 sauro,
702 595 773 647 dont
806 612 892 665 supra
917 598 1038 651 duimm
1061 604 1085 667 (v
1141 607 1144 612 ·

133 671 248 737 [Vestae.
288 663 362 713 Nem
385 662 475 715 Terra
496 661 556 731 ipsa
577 663 692 717 dicitnr.
723 680 794 733 quae
818 672 847 717 et
863 666 963 723 ,Vesta
1003 668 1034 719 l'¹

87 766 90 771 ·
132 746 227 787 autem
243 733 282 784 ita
299 728 521 794 administratur,
538 738 568 781 ut
584 728 614 781 in
630 729 726 782 limine
745 740 886 801 ponantur
903 734 966 787 eius
983 736 1094 803 muriae,
1143 753 1144 758 ¹

131 802 294 857 veneficium
315 800 353 850 tit.
372 826 406 836 -
449 806 493 856 95.
517 798 606 850 Ponto
614 822 625 863 ,-
649 802 682 849 io
708 799 810 867 Ponto,
833 808 864 853 et
887 802 977 853 modo
999 822 1042 875 pr.
1063 804 1096 846 ⁹..

132 873 199 923 dicit
220 871 274 923 hoc
298 867 426 934 nomine,
448 883 505 919 non
521 884 609 919 mare.
642 866 720 918 Mitt
736 868 918 934 ἰαθῆναι-(10
935 878 980 923 est
997 872 1063 925 mibi
1098 907 1099 910 =
1142 881 1144 898 ¹

131 958 188 993 non
213 939 286 990 mibi
310 939 388 988 lecto.
406 964 440 974 -
481 941 524 993 97.
541 936 597 988 His
623 953 672 1004 ego
698 954 779 1004 saepe
803 940 902 1004 lupum
919 940 1011 1009 fierip
1033 948 1094 995 est
1141 969 1144 1014 1

38 1053 42 1061 .
131 1009 241 1077 opinio,
270 1008 404 1077 quosdam
427 1004 554 1058 homines
582 1005 687 1057 artibus
709 1006 876 1073 quibusdam
900 1008 931 1061 in
955 1008 985 1061 lu
1021 1026 1034 1061 s
1062 1037 1071 1053 n
1142 1031 1144 1082 j

130 1080 235 1141 Siluis3
263 1092 314 1148 pro
341 1078 373 1127 in
399 1073 500 1139 silvis]
519 1101 553 1111 -
593 1078 637 1131 99.
655 1074 743 1142 Atque
761 1086 841 1127 satas
858 1078 917 1129 ulio
936 1080 969 1129 υἱ
989 1080 1002 1129 s'
1023 1078 1080 1131 t'rsd
1105 1095 1106 1098 ’
1143 1091 1144 1118 ³

132 1164 249 1213 messes,
273 1144 388 1213 magicis
404 1143 569 1213 quibusdam
586 1142 690 1194 artibus
708 1143 761 1194 boo
776 1143 869 1197 fiebat
906 1146 989 1199 Unde
1004 1146 1082 1225 estisp

129 1216 244 1269 tabulis:
268 1214 342 1265 Neve
368 1214 491 1264 alienam
516 1224 631 1279 segetem
655 1214 811 1278 pelleretis.
851 1212 953 1283 [Quod
978 1210 1007 1268 cb
1027 1218 1101 1269 Vaut

129 1284 212 1337 multi
231 1283 378 1351 scriptores
401 1280 463 1333 fieri
486 1280 690 1348 deprehensum
712 1279 958 1349 animadvertunt]
975 1308 1011 1321 -
1042 1292 1094 1343 102.

131 1355 285 1421 respexeris
292 1376 301 1417 ,-
326 1351 424 1403 nolunt
441 1348 516 1401 enim
534 1367 562 1401 se
579 1349 666 1401 videri
683 1350 807 1403 numina.
840 1352 901 1403 Nisi
918 1367 952 1404 ex
969 1352 1056 1407 nimia

129 1425 216 1477 sitne.
251 1422 329 1473 Unde
346 1437 397 1488 pro
416 1418 550 1471 miraculo
567 1418 673 1469 dictmn
691 1426 733 1470 est
748 1422 789 1485 (Α.
805 1428 839 1485 2,
856 1422 943 1478 591.);
962 1422 1043 1473 Alma
1057 1438 1088 1491 P!

80 1530 85 1541 .
129 1492 260 1611 congusti
279 1491 376 1555 deam5
400 1488 474 1557 quod
491 1502 548 1538 non
565 1488 685 1552 iaceret,
702 1486 755 1539 nisi
771 1487 802 1539 in
819 1488 942 1557 periculo
960 1488 1019 1543 filii.
1034 1516 1067 1531 ··
1092 1494 1107 1555 1Ι

130 1562 171 1615 m·
191 1562 213 1611 il
232 1560 280 1611 itte
299 1560 380 1623 deos,
397 1558 440 1609 nil
458 1558 587 1607 carmina
602 1566 701 1620 curot3
719 1555 783 1607 satis
799 1564 857 1621 est,
872 1556 948 1625 quod
965 1566 1044 1627 punt
1082 1585 1084 1602 t
1102 1583 1103 1587 =

128 1631 268 1699 magicam
285 1628 355 1679 nihil
371 1628 469 1679 valere.
501 1624 633 1694 [Quidam
650 1624 688 1675 sic
705 1624 872 1693 intelligunt,
887 1626 1016 1693 quamvis
1030 1596 1074 1683 itis
1093 1661 1094 1668 .

129 1700 225 1751 omnia
247 1705 415 1749 contemnat.
439 1721 473 1732 -
532 1701 593 1751 105.
617 1693 735 1761 Aspice3
758 1693 812 1745 hoo
837 1692 874 1745 ab
898 1694 954 1745 elia
979 1696 1071 1749 dicid

129 1769 275 1834 Corripuit
288 1767 416 1817 tremulis
428 1765 551 1825 ultoria,-
569 1762 715 1830 [tremulis,
731 1762 935 1833 crispantibus:
952 1764 1052 1820 altaris

128 1839 271 1901 dicuntur,
297 1843 325 1887 et
346 1851 417 1903 qnae
440 1831 584 1883 continent
607 1840 636 1883 et
658 1845 730 1899 quae
755 1830 932 1883 continentur
955 1832 995 1885 ab
1012 1832 1065 1901 eis,
1090 1859 1099 1876 n

127 1921 192 1959 vero
209 1904 269 1973 ipsa
285 1921 356 1971 quae
373 1909 521 1973 ponuntur.
538 1923 572 1935 -
609 1905 668 1957 106.
686 1899 790 1967 Sponte
810 1916 880 1964 suu,
905 1899 967 1953 siue
993 1902 1058 1971 igno

127 1992 160 2027 ex
182 1974 247 2055 ipsis
264 1973 402 2025 cineribus
426 1970 541 2020 flamma
559 1966 692 2033 emersit]
726 1968 785 2018 Hoo
808 1966 885 2019 uxori
904 1968 1047 2023 Ciceronis

127 2043 286 2111 contigisse:
310 2058 375 2091 cum
392 2046 454 2109 post
470 2044 614 2107 peractum
630 2035 797 2088 sacrificium
819 2035 916 2088 libarc·
931 2038 1016 2091 vellet
1036 2040 1065 2093 in
1097 2037 1116 2051 ''

126 2128 205 2178 rem,
227 2126 260 2163 ex
282 2109 342 2177 ipso
366 2109 460 2159 cinere
477 2105 594 2156 flamma
615 2105 731 2157 surrexit
754 2104 861 2171 (Guelf.
879 2107 911 2155 in
930 2109 1026 2161 cinere
1041 2110 1099 2161 sisa
1120 2137 1121 2140 ¹

120 2182 186 2249 fl),
209 2195 281 2249 quae
304 2178 420 2229 flamma
437 2175 537 2227 eodem
560 2189 633 2226 anno
652 2172 801 2226 Consulem
823 2174 951 2226 futurum
969 2178 1085 2231 ostendit
1109 2187 1116 2214 θ

127 2248 274 2301 maritum:
291 2246 361 2296 sicut
375 2246 474 2297 Cicero
491 2243 520 2295 in
533 2259 581 2294 suo
600 2250 715 2295 testatur
728 2244 869 2321 poimate.
901 2242 1015 2295 Bonum
1028 2244 1101 2313 ss't3'

126 2326 218 2387 optat,
241 2324 273 2366 ut
288 2313 341 2366 boo
359 2315 469 2379 signum
493 2312 598 2363 bonum
615 2312 663 2362 sit:
688 2325 753 2377 qma
777 2310 848 2379 ignis
866 2313 975 2365 medius
992 2322 1047 2381 est,
1067 2322 1094 2367 st
1118 2343 1119 2348 =

126 2387 211 2469 possit
233 2385 318 2437 etiam
341 2400 451 2435 nocere.
468 2408 503 2419 -
546 2386 606 2437 107.
629 2378 743 2447 [Nescio
769 2379 837 2446 quid
856 2392 1002 2449 correers,
1027 2382 1077 2435 boe
1106 2411 1120 2422 υ

126 2455 296 2522 iungendum
313 2451 463 2521 superiori,
486 2456 527 2501 est
544 2449 619 2499 enim
637 2447 712 2499 aliud
734 2447 914 2517 prodigium]
948 2452 985 2503 In
1004 2453 1096 2503 limine
1116 2481 1117 2488 .

127 2537 199 2591 trat,·
224 2523 254 2575 in
277 2523 338 2573 loco
361 2520 410 2570 ubi
433 2519 518 2571 amati
542 2525 629 2567 vestes
653 2520 794 2568 obruerat.
835 2518 931 2583 [Canis
954 2520 1033 2573 enim
1062 2545 1085 2562 η·
1116 2543 1126 2556 ==

125 2612 193 2666 prae
218 2592 332 2659 gairdi0,
357 2589 463 2641 domini
489 2588 661 2639 demonstret
684 2584 851 2649 adventum]
868 2612 904 2628 -
947 2594 1009 2647 103,
1026 2586 1140 2671 [pstea.

65 2682 67 2687 ·
126 2663 238 2716 somnio
251 2660 386 2729 fingunt,-
405 2656 514 2719 omnia,
531 2670 602 2721 quae
619 2670 701 2722 supra
718 2653 824 2704 dixerat
840 2654 874 2707 de
893 2664 952 2709 arte
970 2673 1093 2728 rnagrca,
1105 2653 1143 2709 tbi

124 2733 206 2786 struit
222 2729 353 2791 dicendo,
370 2728 439 2778 haec
457 2741 522 2777 vera
538 2720 755 2775 desiderantibus
772 2729 883 2774 tantum
900 2725 1002 2779 videri:
1019 2726 1090 2797 quod
1111 2756 1113 2766 .
1136 2790 1139 2797 Ι

125 2800 305 2869 proverbium
322 2805 363 2848 ost
379 2796 493 2853 locutus.

192 2935 341 2987 ECLOGA
363 2935 408 2989 IX.
450 2938 474 2991 1.
493 2930 555 2999 Quo
575 2943 600 2981 te
617 2929 710 2982 Moeri
733 2930 838 2995 pedes?
861 2932 949 3001 [haec
971 2933 1074 3004 Ecloga
1100 2962 1102 2974 ι

125 3005 228 3059 matico
253 3004 413 3057 charactere
436 3000 538 3071 scripta
561 3008 608 3053 est.
658 2999 829 3051 inducuntur
852 3002 928 3054 enim
952 3003 1008 3055 duo
1037 3010 1134 3073 posto

124 3078 254 3127 coeuntes
276 3072 306 3125 in
330 3087 398 3140 agro
422 3072 590 3131 Mantuano,
620 3068 665 3134 et]
688 3070 757 3119 haec
781 3070 885 3139 Ecloga
907 3070 1144 3139 continuum,

125 3142 231 3193 o'orvius
248 3140 346 3207 dicit,]
371 3155 426 3191 non
450 3139 534 3193 habet
558 3152 688 3202 carmen,
712 3137 759 3189 sed
777 3137 834 3204 [de]
851 3140 963 3192 diversis
985 3140 1052 3193 locis

124 3209 189 3264 criti
214 3210 305 3275 aliqua
322 3210 357 3261 ad
374 3225 439 3263 eam
454 3206 577 3258 contulit.
611 3206 682 3257 Sane
705 3205 760 3256 hoc
777 3207 915 3273 continet,
942 3208 1070 3278 Virgilius
1092 3233 1127 3250 ι’·

125 3294 209 3345 quiam
233 3294 321 3346 paene
340 3277 442 3327 occisus
459 3284 499 3328 est
515 3276 550 3327 ab
568 3276 648 3325 Arrio
666 3274 844 3341 centurione,
867 3275 991 3328 Romam
1009 3294 1067 3331 rev

126 3347 265 3399 rrssndavit
287 3346 513 3413 procuratoribus
534 3343 604 3406 suis,
629 3351 659 3392 ut
684 3350 828 3395 tuerentur
851 3360 933 3411 agros
951 3344 1052 3413 [suos],
1073 3354 1100 3399 st
1133 3371 1134 3382 ¹

125 3432 253 3487 praesens
278 3415 492 3480 obsequerentur
517 3414 606 3465 Arrio.
652 3410 738 3463 Modo
769 3428 836 3479 ergo
860 3414 967 3465 Moeris
991 3420 1143 3483 procuratu

126 3484 183 3536 eius
201 3481 351 3535 secundum
369 3488 546 3550 praeceptum
563 3481 673 3550 patroni
690 3488 783 3549 portat
805 3482 909 3534 hoedos
925 3482 1072 3535 Mantuam
1085 3496 1143 3551 qum

125 3553 204 3607 Arrio
222 3552 328 3602 offerat.
362 3550 490 3616 Sequitur
507 3550 575 3601 alter
593 3556 700 3617 pastor,
724 3557 754 3601 et
770 3567 851 3614 eum,
869 3566 923 3619 quo
941 3560 1057 3621 pergat,
1071 3550 1141 3605 iulet·

126 3628 221 3689 rogat:
245 3619 291 3671 ille
314 3635 374 3668 suas
398 3618 483 3669 deflet
507 3617 646 3670 miserias:
671 3626 701 3670 et
722 3616 787 3670 hinc
810 3618 868 3668 iam
886 3622 980 3675 variae
1022 3626 1141 3675 rostitit!

125 3690 231 3743 occasio
254 3687 415 3739 ourrtilenae.
450 3684 513 3751 Quo
538 3699 562 3735 ts
580 3686 673 3738 Moeri
699 3687 796 3753 pedes,·
820 3688 966 3756 subaudis,
1010 3696 1101 3755 neunt,
1117 3692 1141 3737 st

125 3760 185 3823 (est)
204 3758 325 3823 Zeugma
349 3774 365 3807 a
389 3754 594 3823 posterioribus.
628 3756 758 3823 [Quidam
781 3757 855 3807 hunc
879 3756 1009 3812 ordinem
1031 3756 1140 3811 tradunt:

125 3828 186 3894 Quo
210 3835 238 3881 te
255 3826 346 3877 Moeri
370 3822 471 3893 pedes?
496 3840 532 3874 an
555 3825 584 3874 in
608 3824 728 3875 urbem?
753 3840 807 3891 quo
831 3825 882 3877 ista
906 3826 951 3880 via
967 3828 1051 3881 ducit.
1079 3824 1138 3877 Sam

125 3898 170 3947 olii
200 3895 328 3946 ordinem
357 3893 437 3945 huius
460 3892 580 3959 Eclogae
602 3892 641 3943 ita
665 3900 817 3961 expontmt:
848 3896 922 3947 Cum
950 3895 1138 3949 immunitum

124 3979 258 4029 agrorum
282 3962 409 4029 Virgilius
438 3961 628 4027 impetrasset,
656 3961 689 4011 lis
719 3969 760 4013 est
784 3971 878 4014 exorta
902 3965 936 4017 de
959 3966 1060 4019 finibus
1079 3964 1138 4015 inter

126 4049 191 4087 euru
208 4040 237 4084 et
254 4048 301 4085 eos
310 4068 319 4099 ,
335 4030 384 4099 qui
400 4030 429 4083 iu
447 4029 573 4101 proximo
590 4045 672 4099 agros
689 4039 864 4101 acceperant,
880 4048 913 4086 ex
929 4035 1030 4103 quibus
1045 4028 1137 4087 moun
