2424 4506
34 3450 42 3477 θ
82 3522 86 3529 .
143 3486 202 3558 ,nis
218 3485 315 3535 adoret
327 3483 478 3537 Praeterea.
512 3487 549 3536 Et
568 3485 674 3537 bonum
694 3487 864 3557 principium
878 3488 935 3538 eins
949 3489 998 3555 qui
1010 3488 1198 3556 suspicionem

32 3558 35 3565 ’
110 3576 115 3588 x
154 3550 310 3604 timiditatis
327 3553 483 3619 inciderat]
517 3554 692 3620 Retraetent;
717 3564 844 3626 repetant
867 3564 895 3608 et
917 3557 1063 3608 revolvant.
1080 3584 1116 3596 -
1152 3563 1197 3616 12.

82 3608 90 3691 “v
154 3621 271 3689 [ignaui
289 3622 531 3688 Aeneadae,·⁴aut
554 3623 697 3675 Aeneadae
720 3632 774 3693 pro
798 3627 921 3690 Aeneas,
945 3625 1020 3676 aliud
1044 3643 1097 3695 pro
1121 3625 1197 3679 aliud

154 276 197 345 ss
339 259 342 263 ’
418 275 559 341 saara
580 221 941 350 connumerans
1043 307 1059 336 .
1077 248 1096 349 ᾗ
1134 238 1147 316 ἶ
1200 232 1203 237 ’

156 462 280 524 ἆῑΜΜὸ
296 460 456 515 novissime:
469 462 491 515 -i,
505 480 529 516 e.
548 469 695 537 postquam
710 460 795 515 fuerit
811 459 922 513 minere
938 457 1088 512 lacessitus.
1120 456 1195 509 Haec

155 531 232 582 enim
248 532 362 582 leonum
378 541 477 585 natura
495 539 551 600 est,
574 541 605 584 ut
621 533 674 584 nisi
697 531 814 584 lacessiti
838 529 923 583 irasci
946 535 1095 598 nequeant.
1131 527 1193 578 Ms-

91 599 93 604 ’
156 612 201 651 net
218 599 448 668 [autem]·arma;
470 603 541 654 vires
564 617 627 653 suas
650 603 797 669 experitur.
829 598 902 652 Nam
919 615 999 652 arma
1022 603 1087 658 sunt
1103 596 1195 647 unius·

155 669 287 738 cuiusque
298 670 348 729 ¹rei
364 671 536 739 possibilitas.
569 664 648 722 Unde
666 679 706 721 est
723 667 839 736 (2‚99.):
850 670 892 719 -Es
910 685 1043 736 quaerere
1061 667 1193 735 conscius

159 756 255 790 arma.-
279 739 297 791 i.
317 755 341 791 e.
357 740 440 792 dolos.
477 740 535 806 [Est
552 747 646 791 autem
663 751 752 792 mouet
770 755 865 803 arina,
888 738 974 788 ctiam
995 734 1142 787 translatio
1159 733 1192 785 ab

98 820 101 823 '
157 807 330 872 hominibus,
353 808 400 876 qui
418 825 483 858 cum
499 807 610 859 hostem
627 815 732 927 peterat
753 822 833 858 arma
850 822 964 858 movere
979 804 1117 856 dicuntur.
1145 801 1193 853 ‘ste

157 876 286 943 alibi„(G.
305 884 337 941 3,
354 878 428 939 236.)
451 876 486 928 de
509 884 605 929 tauro:
647 879 716 944 igno
736 888 838 941 mouet,
861 890 1047 945 praecepsque
1074 873 1193 923 oblitum

152 946 250 1015 fertus
268 947 299 995 in
317 944 431 997 bastela.
468 943 646 1011 (irridetque,
671 961 719 1023 spe
742 945 867 1008 ultionis,
891 952 920 994 et
943 941 1061 1001 dicendo
1084 941 1193 1008 gaudet,

159 1015 331 1066 alacritatem
347 1015 432 1091 voluit
446 1013 533 1066 leonis
551 1015 707 1081 exprimere
729 1013 823 1082 gaudii
841 1013 934 1066 verbo.
969 1012 1103 1063 Ceterum
1127 1008 1193 1060 nulli

156 1085 299 1148 terarum,
321 1083 524 1150 vel'pecudum
547 1082 599 1134 iste
621 1099 715 1134 sensus
741 1081 897 1149 adponitur.
914 1107 948 1119 -
968 1089 1015 1156 χ7.
1038 1079 1192 1128 Excutiens

160 1154 266 1202 ceruice
296 1163 388 1223 taras,
419 1152 525 1203 cervice
553 1155 706 1216 excutiens,
735 1157 771 1202 au
796 1166 863 1218 quos
886 1151 916 1201 in
940 1150 1049 1200 cervice
1073 1143 1193 1210 habeti]

158 1219 312 1283 Latronis3
334 1220 511 1288 [insidiatoris
536 1234 552 1268 a
577 1221 704 1272 latendo:
729 1216 790 1284 led}
814 1220 898 1272 modo
925 1217 1077 1286 venatoris3
1101 1224 1132 1269 et
1154 1222 1193 1267 est

112 1334 120 1347 ,,
159 1289 315 1348 Graecum3
345 1305 412 1340 nam
436 1285 573 1358 lanariae-r
597 1289 693 1340 dicunt
716 1282 846 1356 obsequi,
878 1295 907 1340 et
937 1289 1041 1353 seruire
1067 1284 1200 1350 mercede.-

88 1356 89 1362 ’
158 1357 237 1409 Unde
255 1359 528 1410 latrones‘vocantur
545 1356 673 1410 conducti
689 1358 799 1413 milites.
812 1364 817 1369 '
832 1356 922 1407 Moris
946 1364 1040 1408 autem
1057 1350 1194 1423 ‘eratfnt

158 1421 209 1477 hos
226 1426 380 1494 imperator
397 1433 426 1478 et
449 1427 524 1483 circa
545 1443 575 1479 se
596 1426 729 1490 haberet,
753 1434 781 1478 et
797 1424 867 1492 [eos]
883 1422 990 1494 primos
1014 1423 1144 1476 mitteret
1160 1421 1193 1474 ad

160 1510 244 1546 omns
267 1495 423 1547 discrimen.
458 1495 634 1546 Unde-nunc
652 1495 733 1559 dicit,
756 1494 870 1546 latronis
894 1493 949 1545 telo
973 1492 1059 1543 fixum
1075 1493 1199 1556 leonem,¹

180 1563 329 1617 uiaetiam
343 1570 486 1615 venatores
503 1579 601 1635 operas
612 1578 678 1625 ,suas
693 1563 787 1616 locare
803 1568 1009 1615 consueverant.
1040 1559 1099 1628 [Sic
1110 1560 1194 1615 etiem

179 1630 226 1682 ‘cti
242 1632 289 1700 qui
306 1631 381 1684 eirca
397 1648 492 1684 caveas
508 1640 585 1697 sunt,
601 1630 675 1700 quod
691 1639 723 1682 ut
738 1630 841 1684 milites
857 1638 943 1696 stent,
959 1645 1024 1681 cum
1040 1632 1135 1696 ferro,
1150 1635 1196 1681 aut

121 1740 124 1751 .
158 1700 232 1767 quod
254 1701 359 1754 lateant
379 1700 417 1753 ad
440 1700 552 1754 insidias
575 1700 729 1752 iaciendas:
756 1701 832 1768 Ergo
850 1716 883 1751 ex
899 1701 1000 1752 eadem
1014 1698 1195 1750 similitudine

152 1770 312 1833 latronem,
336 1769 381 1821 bic
398 1777 558 1827 venatorem
576 1769 786 1843 accipiepdum,
810 1768 876 1837 qnia
899 1776 928 1818 et
944 1766 1053 1821 obsidet
1068 1763 1153 1819 saltus
1169 1772 1196 1818 et

157 1853 223 1889 cum
252 1840 330 1890 ferro
354 1845 402 1890 est
442 1838 514 1903 Sane
537 1838 677 1890 latronem
699 1845 875 1902 venatorem,
907 1837 969 1906 quis
998 1843 1064 1888 ante
1087 1831 1195 1899 hunul]

158 1908 247 1957 Varro
269 1913 365 1958 umen
389 1906 470 1971 dicit,
500 1906 562 1958 hoc'
583 1923 689 1960 nomen
717 1923 796 1977 posse
821 1904 928 1967 habere
952 1904 1039 1957 etiam
1062 1903 1195 1957 Latinam

157 1976 370 2044 etymologiam,
386 1983 418 2025 ut
434 1968 560 2027 latrones
575 1975 642 2026 dicti
659 1978 728 2041 sint,
753 1974 832 2044 quasi
850 1975 1005 2026 laterones:
1029 1975 1105 2042 quod
1122 1973 1195 2024 circa

115 2106 118 2113 Ι
158 2043 247 2095 latera
275 2059 376 2111 regum
406 2051 482 2108 sunt,
510 2060 578 2113 quos
601 2060 675 2095 nunc
699 2045 835 2096 satellites
867 2051 974 2095 vocant.
1015 2042 1078 2094 Una
1100 2050 1195 2094 tamen

157 2111 336 2178 significatio,
351 2111 418 2162 licet
431 2111 587 2164 indiversa
603 2113 778 2182 etymologia.
811 2112 921 2164 Plautus
938 2113 969 2164 in
984 2110 1194 2181 Pyrgopolinice

106 2211 108 2223 ·
159 2186 256 2247 aperte
274 2179 405 2245 ostendit,
428 2181 494 2247 quid
517 2180 572 2232 sint
590 2182 729 2248 latrones,
751 2180 846 2234 dicens
869 2172 938 2246 (Mil.
958 2181 1123 2246 1,1‚75.):
1148 2178 1195 2230 Me

157 2248 218 2298 Rea
225 2247 356 2300 Seleucus
369 2250 446 2299 misit
460 2250 497 2300 ad
510 2251 706 2302 carsducendos
721 2251 846 2302 latrones
859 2249 922 2314 (Ala
932 2249 1015 2299 ‘Nam
1031 2265 1079 2300 rea
1087 2249 1140 2299 Sel.
1154 2265 1195 2298 ms

159 2335 239 2384 opere
262 2317 354 2369 aravit
379 2319 516 2384 maxime,
540 2331 571 2369 ut
595 2321 622 2371 el
645 2316 1009 2370 adcanducerem'latranes
1027 2330 1052 2368 et
1071 2319 1196 2369 conseri-

158 2385 266 2446 berem).
300 2387 390 2453 [Idem
411 2386 441 2437 in
463 2387 648 2439 Bacchidibus
669 2395 809 2441 exsecutus
832 2386 887 2454 est,
910 2387 1032 2440 militem
1056 2388 1197 2438 latronem

157 2455 266 2506 dicens:
282 2454 369 2505 Suam
388 2457 439 2522 qui
456 2473 528 2509 aura
545 2459 635 2507 uitam
653 2455 798 2520 venditat]
816 2481 851 2492 -
885 2461 910 2512 8.
928 2456 1195 2527 lmpauidusjran-

156 2525 201 2591 gir
217 2523 318 2588 telum;
335 2524 464 2574 Lucanus
481 2530 524 2591 (1,
540 2525 630 2587 ml:
647 2525 699 2576 Per
710 2525 824 2593 ferrum
843 2526 917 2588 tanti
935 2542 1053 2575 securus
1068 2527 1197 2576 vulneris

60 2592 64 2607 “
131 2593 224 2644 'exit
257 2591 363 2643 Fremit
377 2610 423 2643 ore
438 2605 567 2655 cruent03
578 2589 688 2662 fremit,
704 2594 769 2646 licet
786 2610 815 2643 os
831 2593 936 2666 babeat
951 2609 1000 2643 suo
1017 2609 1118 2645 cruore
1156 2611 1197 2645 er-

82 2710 86 2723 ,
157 2661 259 2712 tirsum.
300 2659 371 2712 Sane
393 2661 454 2728 ipsa
477 2663 649 2729 comparatio
671 2663 776 2714 exitum
799 2663 917 2724 ostendit
946 2663 1080 2713 futurum.
1150 2679 1197 2714 am

157 2730 243 2783 etiam
253 2729 363 2781 Turnus
379 2737 445 2781 ruet
459 2729 490 2782 in
506 2738 629 2783 mortem
644 2731 791 2788 ferocitate
807 2731 974 2801 compulsus:
991 2732 1030 2782 sic
1047 2731 1078 2782 in
1096 2738 1197 2799 quarto

156 2799 221 2864 (69.)
245 2799 350 2851 indicat
368 2798 497 2850 futurum
522 2799 638 2867 reginae
662 2800 782 2864 exitinn,
805 2799 913 2851 dicens:
939 2797 1045 2865 Qualis.
1070 2803 1198 2851 coniecta

120 2862 130 2928 ’,
158 2883 238 2918 cerva
257 2871 371 2935 sagitta.
387 2893 421 2906 -
457 2873 482 2925 9.
502 2866 621 2931 Gliscit3
638 2869 752 2935 crescit,
775 2870 817 2936 [et
832 2867 977 2934 latenterJ,
999 2868 1073 2920 unde
1096 2876 1125 2921 et
1136 2866 1198 2937 'ga‘-

116 2962 120 2968 ·
158 2953 202 2987 res
220 2936 287 2988 dicti
302 2944 382 3002 sunt,
404 2953 473 3005 quos
489 2936 604 3006 pingues
621 2937 707 2989 efficit
721 2952 845 2988 somnus.
880 2938 1002 3004 [Veteres
1019 2939 1132 3005 gliscit,
1157 2943 1199 2990 in·

156 3012 301 3057 cremento
318 3006 390 3073 ignis
406 3003 556 3073 ponebant,
572 3005 645 3058 bene
661 3021 728 3074 ergo
745 3005 897 3061 hocverbo
913 3006 1000 3056 utitur
1014 3010 1049 3059 de
1068 3022 1124 3074 quo
1142 3009 1197 3060 ait:

113 3072 119 3087 “
158 3071 238 3125 Ultro
263 3073 571 3139 implacabilistardetl
588 3102 624 3112 -
660 3081 701 3132 10.
722 3064 883 3137 Tu'rbidus3
907 3073 1003 3142 plenus
1027 3076 1146 3126 terroris
1170 3083 1198 3128 et

155 3141 380 3212 perturbationis.
414 3142 485 3194 Sane
509 3142 806 3211 notandum-affatur,
827 3151 910 3211 atque
936 3142 1011 3210 infit.
1046 3145 1121 3196 Nam
1144 3143 1196 3197 ite-

156 3210 228 3262 ratio
246 3217 300 3276 est,
310 3236 314 3253 ·
324 3225 380 3278 qua
395 3211 557 3278 frequenter
576 3220 617 3262 est
633 3228 709 3262 usus:
732 3212 798 3263 licet
814 3211 939 3262 nonnulli
957 3211 1050 3263 dicant
1056 3249 1066 3278 ,
1086 3221 1198 3282 tempe·

79 3294 81 3299 ·
151 3294 220 3330 rare
243 3279 297 3329 hoc
320 3279 515 3342 interpositam
539 3281 780 3343 coniunctionem,
805 3281 845 3347 [et
867 3280 914 3331 hic
937 3281 1066 3332 habitum
1084 3283 1197 3334 suturae

157 3347 288 3398 orationis
307 3346 432 3397 ostendit.
451 3357 484 3391 t-
519 3353 563 3405 11.
580 3349 670 3417 Nulla
689 3367 768 3400 mora
788 3351 820 3400 in
840 3348 953 3412 Turno3
976 3350 1036 3420 plus
1057 3358 1100 3403 est
1118 3351 1193 3402 Tur-

157 3416 352 3482 no,q11amsi
371 3417 402 3466 ia
421 3434 464 3469 me
480 3417 604 3482 dixisset,
622 3426 653 3468 ut
670 3422 705 3484 (l,
721 3419 789 3478 tsi:
808 3416 968 3484 Quisquam
988 3436 1092 3470 numen
1110 3420 1197 3472 Inna-

154 3688 330 3758 significasne
360 3700 407 3742 aut
438 3691 599 3759 Aeneadae,
629 3708 686 3743 non
711 3695 832 3758 Aeneas,
861 3693 940 3762 quasi
969 3703 1068 3747 contra
1098 3711 1195 3749 omnes

154 3757 346 3826 pugnaturus]
362 3785 397 3796 -
431 3767 475 3816 13.
494 3757 683 3826 Congredi0r5
708 3761 875 3831 [hypocrisis
892 3762 946 3826 est,
970 3758 1145 3830 exprimatur
1168 3764 1197 3817 id

83 3869 86 3873 .
154 3827 230 3894 quod
250 3828 388 3896 flagitatis.
423 3827 478 3892 Sic]
494 3826 594 3878 Statius
612 3829 659 3879 ubi
674 3830 814 3898 Polinicen
832 3831 942 3899 oblique
959 3830 1066 3899 inducit
1081 3833 1198 3902 loquen-

154 3900 215 3958 tem
231 3902 275 3964 (3,
292 3898 382 3959 376,)τ
410 3895 476 3947 Nan
495 3913 537 3946 me
556 3897 644 3948 ullius
663 3900 763 3950 domus
782 3902 871 3949 aneia
891 3901 996 3966 culpet,
1012 3900 1207 3969 Expectentae-

155 3974 247 4014 truces
272 3967 386 4032 obliquo
412 3966 520 4015 lumine
546 3968 616 4015 nati.
659 3967 737 4019 Unde
764 3969 849 4019 etiam
872 3985 956 4036 supra
979 3969 1018 4020 eit
1041 3976 1140 4041 poeta:
1163 3973 1197 4023 Se

155 4034 271 4106 signari
287 4035 388 4085 oeulis.
424 4033 556 4102 [Quidam
572 4051 638 4119 sarie
656 4053 672 4088 a
691 4038 772 4088 nulla
792 4053 871 4089 mara
890 4039 923 4090 in
941 4036 1039 4090 Tanta
1058 4054 1147 4110 usque
1163 4040 1198 4093 ad
