2424 4506
165 288 204 334 ns
225 269 389 354 umen.
411 264 786 345 unumunurn,
808 273 959 342 13-24.
996 334 1001 347 ,
1042 277 1087 342 st

10 488 12 493 ·
50 460 169 528 pepigere
183 470 314 523 recusent
330 459 458 527 iungunt,
474 475 511 512 ne
527 457 550 528 si
565 455 704 510 distinctio
719 456 916 520 intercesserit,
927 455 1089 526 languescat
1132 502 1139 509 .

10 548 13 553 ·
52 529 198 582 nutentiae
223 529 309 581 color.
345 528 467 597 Concipe
490 527 614 596 foedus,
633 528 651 578 i.
668 545 693 579 e.
716 527 856 603 conceptis
878 526 975 578 verbis.
1015 526 1100 595 Con·=

10 615 13 619 ·
44 609 119 665 upra
136 605 236 651 autem
252 598 337 650 uerba
355 594 485 650 dicuntur
508 597 620 648 iurandi
636 595 772 661 formula,
796 611 882 664 quam
904 595 984 647 nobis
1000 602 1088 647 trane-

10 684 17 713 ’-
55 666 122 735 gredi
143 682 206 721 non
227 666 301 719 licet.
335 667 409 718 Nam
427 674 455 717 ct
477 665 660 721 sarcinatores
677 669 830 730 :concipere
854 663 983 716 dicuntur
1006 666 1088 715 vesti·

57 749 153 800 menta,
177 752 245 787 cum
262 754 278 789 e
295 737 402 788 diverso
427 735 599 803 cuniungunt
621 742 650 786 et
673 731 811 798 adsuunt]
826 752 861 772 ³-
896 739 940 791 15.
956 732 1087 785 Deserto·
1111 762 1114 767 ·

59 822 105 856 rem
125 807 232 870 Asine:
257 805 381 858 exulem:
404 813 438 855 ut
459 809 509 872 (7,
532 803 618 865 359·):
647 802 827 854 Erulibusne
850 802 936 854 datur
961 803 1089 855 ducenda

58 871 172 926 Lauinia
192 873 334 926 Teucris?
358 874 432 927 unde
455 880 498 925 est
519 871 672 941 praemissa
692 872 741 923 illa
757 873 910 936 excusatio,
934 879 962 923 et
984 872 1014 923 in
1031 879 1090 924 tota

10 959 18 976 ··
58 943 160 996 tectmdi
184 945 365 1007 oeconomia,
389 950 418 995 et
440 943 471 995 in
495 950 594 1010 quarto
617 940 757 992 ubisdicit
782 942 879 1006 (340.)·
903 939 950 992 Μι
976 943 1003 991 si
1021 938 1090 1009 sats

59 1014 116 1064 treis
132 1018 299 1080 paterentur
317 1015 417 1063 ducere
434 1014 523 1081 vitam
540 1010 703 1077 Auspiciis,
726 1021 753 1060 et
769 1022 866 1077 sponte
885 1028 960 1060 meas
980 1026 1090 1077 compo-

10 1098 19 1125 -·
59 1097 112 1133 rere
128 1099 234 1148 curas,
260 1081 360 1133 Urbem
379 1081 694 1146 Troiunnmorrimum,
718 1079 868 1147 dulcesque
893 1097 1019 1131 meorum
1036 1079 1090 1131 Re·

59 1150 156 1217 tianius
174 1152 304 1203 colerem.
337 1148 420 1220 [Sane
437 1151 494 1201 Aut
514 1149 571 1200 ,hac
589 1148 776 1200 Dardanium
794 1150 892 1201 dextra
910 1151 962 1221 sub
977 1161 1093 1219 tartaree

10 1232 17 1251 =
59 1224 165 1272 nissam.
200 1219 334 1272 Ponenda
345 1226 388 1272 est
401 1234 483 1273 mora
495 1224 527 1270 ut
538 1226 636 1286 postea
647 1217 787 1277 inferatur¹
797 1217 975 1271 Desertorem
989 1218 1091 1284 Arios,-

10 1304 18 1332 ··
86 1297 137 1341 test
152 1289 232 1342 enim
249 1288 337 1341 videri
352 1303 411 1341 non
426 1289 474 1354 ita
482 1287 632 1350 instituisse
647 1287 758 1337 Turnus
775 1288 934 1340 oraticnem
950 1289 1092 1359 praedicto

10 1384 19 1401 ι
46 1368 48 1373 “
80 1359 251 1424 ordonium,
268 1366 300 1408 ut
315 1358 435 1410 inferret
451 1359 632 1421 desertorem,
648 1356 698 1408 sed
716 1372 824 1422 regem:
848 1373 945 1409 verum
963 1358 1012 1409 ubi
1047 1373 1092 1409 ro·

57 1427 109 1494 pius
124 1428 257 1492 accessit,
279 1427 444 1486 intellexisse
467 1428 542 1478 hunc
559 1426 697 1478 honorem
711 1425 835 1487 nominis
853 1427 927 1491 eins,
951 1442 1008 1479 non
1026 1377 1046 1478 d

57 1497 127 1549 sum:
156 1496 256 1567 itamie
288 1505 472 1565 commutasse
502 1502 531 1548 et
554 1492 754 1546 contumeliose
778 1495 945 1550 desertorem
976 1492 1093 1559 dixisse]

56 1560 180 1632 ledeam,
198 1577 374 1632 spectentque
390 1563 508 1629 Latini,
525 1561 684 1631 [invidiose‚
700 1576 770 1614 nam
785 1579 881 1616 sensus
898 1573 939 1618 est
954 1565 979 1631 ⁴]
996 1568 1093 1618 duetus

57 1641 105 1700 est,
125 1642 158 1687 ut
173 1633 297 1687 diximus
313 1650 395 1703 supra
407 1633 497 1702 [aliis]
514 1633 561 1701 (al.
578 1631 639 1683 Ino.
658 1631 767 1693 dictum
785 1645 841 1698 est,
865 1646 896 1683 ut
914 1635 940 1685 d.
958 1635 998 1696 s.).
1030 1633 1093 1688 Pol-

10 1720 22 1749 e
58 1701 145 1755 licetur
163 1703 259 1770 enim,
281 1720 312 1754 se
334 1702 468 1772 singulari
484 1702 638 1767 certamine
655 1699 792 1769 dimicare
815 1702 898 1768 velle,
921 1719 987 1754 cum
1009 1700 1094 1755 nolit:

10 1804 20 1840 ⁶.
59 1787 117 1823 nam
131 1771 244 1838 (licens,
269 1774 400 1838 sedeant,
427 1767 738 1839 spectentque'Lats’nis
760 1769 881 1822 latenter
905 1772 1094 1840 eosignaviae

10 1837 20 1897 ',
60 1841 156 1908 argius,
179 1841 258 1910 quod
280 1842 352 1892 solus
377 1842 506 1893 omnibus
531 1838 740 1909 quiescentibus
763 1839 893 1891 dimicet:
923 1858 1008 1910 quam
1030 1857 1095 1894 rem

10 1922 21 1952 ι
54 1909 156 1976 'plenius
174 1926 295 1980 sequens
318 1909 424 1962 indicat
438 1925 545 1962 versus:
568 1909 605 1959 Et
622 1909 702 1960 solus
720 1907 804 1976 ferro
822 1911 929 1962 crimen
947 1926 1102 1964 commune.

10 1992 20 2023 1
38 2004 41 2013 ·
61 1977 188 2049 refellam,
204 1981 271 2046 i.e.,
287 1995 438 2032 commune
453 1980 538 2047 fugae
555 1993 589 2028 ac
606 1976 716 2048 timoris
733 1977 851 2030 dedecus
868 1980 940 2032 solus
957 1982 1029 2034 meis
1042 1979 1096 2031 vir-

10 2062 21 2092 ε
59 2048 152 2099 ustibus
169 2047 368 2119 comprimam.
402 2048 466 2118 [filii
484 2050 591 2100 crimen
609 2063 772 2112 commune,
796 2048 815 2099 i.
833 2067 856 2100 e.
874 2050 1002 2101 omnium
1019 2049 1095 2102 Lati·

10 2130 22 2162 :
60 2118 165 2167 norum:
192 2124 221 2170 et
245 2118 353 2171 crimen
375 2117 431 2184 ait,
454 2117 528 2185 quod
552 2115 670 2169 Troiani
690 2116 721 2168 in
745 2117 827 2170 Italia
850 2120 1043 2181 consederunt.
1059 2144 1096 2157 -

10 2181 16 2199 '
60 2190 95 2241 17.
109 2185 168 2236 Aut
181 2186 287 2237 habeat
310 2189 416 2250 sietos;
440 2185 534 2238 vitarit
556 2192 672 2256 propter
695 2200 781 2237 omen
802 2188 955 2257 pessimum
978 2189 1095 2255 verbum

10 2269 13 2273 ’
60 2253 147 2319 dese,
171 2256 250 2324 quod
266 2254 302 2307 de
318 2258 411 2308 Aenea
427 2255 547 2307 dixerat:
573 2255 627 2305 ille
653 2270 696 2306 me
719 2257 753 2305 in
769 2261 880 2310 'tortam
907 2261 1007 2311 mittat.
1042 2256 1096 2311 Sed

10 2338 21 2368 ι·
60 2322 92 2373 eit
110 2323 214 2376 Victus.
251 2323 337 2374 Cedat
353 2323 481 2376 Lauinia
500 2326 624 2389 coniur;
649 2330 682 2373 ut
698 2327 757 2390 (11,
774 2326 866 2390 321.):
892 2326 978 2379 Cedet
995 2327 1096 2380 amici·

10 2428 16 2432 -
61 2393 108 2442 tiae
125 2393 317 2458 Teucrorum,
341 2393 360 2444 i.
376 2412 400 2445 e.
424 2394 467 2446 in
475 2393 639 2464 praemium
650 2391 792 2444 -victoriae
813 2395 968 2462 concedat]
979 2424 1017 2445 ,η
1053 2402 1097 2455 18.

60 2459 148 2514 Sedato
168 2463 270 2525 corde,
293 2462 359 2530 quia
381 2463 416 2516 de
434 2463 530 2514 Turno
554 2463 609 2527 ait,
632 2460 720 2528 Atque
738 2462 779 2532 im
796 2466 931 2518 turbidus
949 2466 1031 2535 infit:
1055 2467 1097 2534 [et

10 2547 19 2576 s
60 2532 216 2597 utilitatem
234 2531 366 2582 orationis
390 2530 534 2602 praedixit.
568 2532 623 2582 Pro
640 2530 741 2584 decore
758 2533 858 2584 aetatis
881 2535 1022 2591 inducitur
1039 2551 1097 2586 sero

17 2624 19 2629 ·
59 2614 112 2662 no:
128 2601 185 2653 hoc
202 2607 260 2666 est,
277 2600 352 2668 quod
365 2600 506 2670 praecipit
520 2599 652 2652 Horatius
667 2598 698 2651 in
714 2601 782 2652 Arte
799 2603 909 2671 poitica
926 2605 1025 2667 (lillis
1049 2603 1096 2654 in·

10 2683 19 2715 t
59 2672 143 2721 tuerit
161 2671 284 2721 multum
303 2668 441 2720 Davusne
460 2671 609 2736 loquatur,
633 2685 672 2719 an
696 2666 795 2735 heros:
820 2684 986 2727 maturusne
1004 2690 1097 2736 senen,

10 2774 12 2781 .
60 2754 91 2788 en
103 2739 198 2793 abac
208 2738 334 2807 florente
350 2739 467 2789 iuuenta
480 2737 687 2810 Fernidusj-
723 2742 766 2795 19.
784 2737 1097 2806 Oprtt'estonsonimi3

10 2821 18 2852 t
59 2814 248 2876 etpraestens
271 2808 396 2871 uirium,
419 2815 448 2859 et
471 2819 623 2872 praestans
646 2807 760 2857 viribus
783 2807 909 2863 dicimus.
944 2811 1015 2865 Sane
1038 2829 1098 2868 ma-

11 2876 17 2909 ‘·
60 2889 123 2943 gnae
136 2874 342 2944 moderationis
356 2882 397 2928 est
410 2876 480 2929 haec
495 2876 593 2929 oratio.
627 2874 703 2926 Nam
718 2883 747 2929 et
758 2875 853 2931 laudat
865 2879 1003 2948 Turnum,
1020 2883 1099 2951 quasi

10 2962 17 2992 s
59 2944 141 2997 sirum
158 2947 281 2998 fortem:
291 2966 294 2971 ¹
306 2951 335 2997 et
350 2952 446 2998 tamen
464 2959 531 2995 eum
543 2963 572 2998 a
595 2942 730 3012 singulari
752 2946 909 3003 certamine
925 2950 1097 3005 dehortatur.

14 3048 16 3056 ·
60 3009 151 3068 Dicens
169 3014 417 3080 enim'praestens
435 3016 543 3078 animi,
558 3013 678 3066 latenter
696 3012 830 3084 ostendit,
852 3033 918 3071 eum
934 3019 1099 3077 inferiorem

10 3095 15 3125 ἰ
60 3099 110 3136 esse
132 3085 248 3135 virtute.
264 3108 299 3121 -
324 3089 384 3140 121.
411 3081 575 3149 Expendere.
597 3099 698 3144 casus:
721 3100 758 3134 ne
783 3101 816 3136 ex
839 3086 958 3170 abrupto
982 3089 1017 3143 de
1040 3093 1099 3144 eius
1146 3136 1152 3145 ,

10 3177 14 3185 ·
60 3152 151 3205 strnue
175 3151 328 3222 desperare
350 3151 490 3218 videatur,
513 3167 632 3206 casuum
653 3151 819 3206 varietatem
843 3163 1001 3212 aetimare
1024 3176 1100 3213 com-

10 3244 14 3253 ·
60 3229 205 3274 memorat.
222 3245 259 3261 -··
292 3229 337 3278 22.
353 3218 427 3280 Sunt
451 3220 505 3273 rios·
529 3229 597 3282 eto:
624 3222 735 3288 [argute
760 3232 846 3290 negat
867 3225 910 3280 illi
932 3243 981 3279 sua
1003 3245 1100 3301 regina,

10 3306 14 3335 ε
61 3290 147 3344 dicens
165 3290 195 3340 ei
212 3305 272 3347 esse
289 3290 359 3355 alia,
382 3298 415 3341 ut
430 3290 502 3344 haec
518 3290 599 3344 malit
616 3290 727 3343 Turnus
744 3307 816 3358 quae
833 3311 882 3348 sua
899 3296 1000 3352 virtute
1017 3314 1101 3367 quae·

10 3389 12 3396 ,
58 3358 118 3412 sirit
152 3357 257 3410 Sensus
282 3374 350 3427 ergo
375 3358 450 3429 ests]
467 3359 503 3410 'Si
524 3367 641 3431 propter
664 3373 786 3426 regnum
810 3361 946 3418 dimicare
971 3364 1102 3440 disponis,

10 3453 12 3460 ι
59 3426 137 3482 habes
162 3436 330 3498 paternum:
357 3427 382 3481 si
424 3436 522 3497 ropter
545 3428 682 3498 gloriam,
708 3429 811 3482 multos
833 3432 935 3486 virtute
958 3438 1102 3504 superasti.

58 3495 133 3564 Quod
161 3505 261 3548 autem
280 3496 361 3549 dicit:
415 3514 445 3548 ec
471 3515 529 3550 non
555 3513 714 3567 aurumque
739 3501 910 3569 animusque
926 3499 1034 3560 Latino
1054 3517 1102 3571 est,

10 3600 12 3610 .
60 3567 127 3619 sarie
144 3560 303 3634 exponitur.
336 3564 467 3636 Namque
489 3567 538 3621 alii
555 3565 666 3631 dicunt,
689 3565 776 3619 habes
798 3585 920 3638 regnum
943 3581 1102 3639 paternum,

10 3666 12 3680 ›
60 3632 139 3687 habes
159 3634 280 3703 oppida:
304 3635 392 3686 etiam
415 3653 433 3688 a
449 3653 496 3688 me
519 3635 607 3688 habes
624 3651 725 3688 aurum
750 3645 778 3687 et
794 3646 957 3708 promptum
974 3642 1102 3696 animum
1174 3698 1182 3703 ,

10 3717 32 3765 ι,
62 3704 92 3754 sd
108 3704 202 3755 danda
219 3702 317 3755 omnia
333 3711 445 3773 praeter
461 3704 559 3769 filiam,
576 3707 619 3772 [ut
636 3705 670 3758 de
687 3720 715 3756 se
732 3705 847 3760 Latinus
864 3707 961 3760 dixisse
978 3710 1102 3767 videatur
1203 3704 1210 3721 ⁸

10 3768 12 3818 i
62 3770 92 3823 de
105 3787 193 3837 auro,
208 3779 328 3851 propter
344 3772 414 3825 illud
431 3775 596 3840 <11,*213.).:
621 3772 793 3829 Praediuitis
812 3777 878 3828 urbe
896 3773 1019 3848 Latini]
1050 3780 1105 3835 atii

10 3866 13 3872 ·
62 3854 119 3892 tero
136 3841 180 3893 sic
204 3840 380 3910 intelligunt,
393 3842 428 3908 si
451 3851 566 3915 propter
590 3858 655 3914 opes
680 3850 720 3903 et,
733 3859 850 3896 tuorem
867 3844 1049 3902 dimicaturus
1066 3865 1105 3914 es,

10 3926 13 3955 t
65 3906 124 3961 lnec
142 3924 203 3962 non
220 3908 294 3960 solus
311 3908 417 3976 habeo,
442 3912 597 3980 cuicunque
622 3913 699 3965 enim
715 3911 817 3964 Latino
840 3918 881 3964 est
902 3921 931 3966 et
954 3911 1058 3972 aarum·
1076 3925 1105 3970 et

10 3995 14 4052 ¹,
66 3979 166 4031 enimus
184 3985 331 4049 promptus
354 3980 383 4031 in
400 3995 551 4048 generum:
575 3986 606 4031 ut
622 3979 729 4032 Latino
754 3998 811 4037 non
837 3980 870 4034 de
895 3983 1033 4052 sedicet,
1054 3986 1106 4038 sed

10 4064 15 4096 t
66 4047 215 4118 uirumque
233 4047 270 4099 de
286 4046 376 4121 Latio.
395 4076 430 4121 -f
464 4052 509 4108 24.
527 4045 632 4120 Dasio,
651 4062 678 4106 es
694 4048 1011 4129 Laurentibus‘sruim
1035 4062 1069 4111 et
1081 4054 1119 4108 'in
