<?xml version="1.0" encoding="UTF-8"?>
<!DOCTYPE html PUBLIC "-//W3C//DTD XHTML 1.0 Transitional//EN"
    "http://www.w3.org/TR/xhtml1/DTD/xhtml1-transitional.dtd">
<html xmlns="http://www.w3.org/1999/xhtml" xml:lang="en" lang="en">
 <head>
  <title>
</title>
<meta http-equiv="Content-Type" content="text/html;charset=utf-8" />
  <meta name='ocr-system' content='tesseract 3.04.00' />
  <meta name='ocr-capabilities' content='ocr_page ocr_carea ocr_par ocr_line ocrx_word'/>
</head>
<body>
  <div class='ocr_page' id='page_1' title='image "./commentariiinvi01servgoog_0047.png"; bbox 0 0 2288 4514; ppageno 0'>
   <div class='ocr_carea' id='block_1_1' title="bbox 103 238 942 383">
    <p class='ocr_par' dir='ltr' id='par_1_1' title="bbox 103 238 942 383">
     <span class='ocr_line' id='line_1_1' title="bbox 103 238 942 383; baseline -0.026 -11"><span class='ocrx_word' id='word_1_1' title='bbox 103 279 149 372; x_wconf 71' lang='lat' dir='ltr'><strong>ts</strong></span> <span class='ocrx_word' id='word_1_2' title='bbox 234 264 237 279; x_wconf 78' lang='lat'>&#39;</span> <span class='ocrx_word' id='word_1_3' title='bbox 358 288 503 383; x_wconf 79' lang='lat' dir='ltr'><strong>sanun</strong></span> <span class='ocrx_word' id='word_1_4' title='bbox 525 238 884 357; x_wconf 82' lang='lat' dir='ltr'><strong>counanrsmas</strong></span> <span class='ocrx_word' id='word_1_5' title='bbox 935 304 942 330; x_wconf 80' lang='lat'><strong>··</strong></span> 
     </span>
    </p>
   </div>
   <div class='ocr_carea' id='block_1_2' title="bbox 49 472 1029 4133">
    <p class='ocr_par' dir='ltr' id='par_1_2' title="bbox 49 472 1029 4133">
     <span class='ocr_line' id='line_1_2' title="bbox 109 472 1023 560; baseline -0.015 -27"><span class='ocrx_word' id='word_1_6' title='bbox 109 485 225 549; x_wconf 67' lang='lat' dir='ltr'><strong>sagmio</strong></span> <span class='ocrx_word' id='word_1_7' title='bbox 247 484 277 533; x_wconf 81' lang='lat' dir='ltr'><strong>et</strong></span> <span class='ocrx_word' id='word_1_8' title='bbox 298 476 409 560; x_wconf 73' lang='lat' dir='ltr'><strong>pervias</strong></span> <span class='ocrx_word' id='word_1_9' title='bbox 433 475 506 529; x_wconf 85' lang='lat' dir='ltr'><strong>dicta</strong></span> <span class='ocrx_word' id='word_1_10' title='bbox 523 491 542 525; x_wconf 86' lang='lat' dir='ltr'><strong>a</strong></span> <span class='ocrx_word' id='word_1_11' title='bbox 556 473 679 527; x_wconf 82' lang='lat' dir='ltr'><strong>faucium</strong></span> <span class='ocrx_word' id='word_1_12' title='bbox 694 472 881 539; x_wconf 68' lang='lat' dir='ltr'><strong>similitudine.</strong></span> <span class='ocrx_word' id='word_1_13' title='bbox 898 497 933 510; x_wconf 91' lang='lat'><strong>-·</strong></span> <span class='ocrx_word' id='word_1_14' title='bbox 969 474 1023 527; x_wconf 79' lang='lat'><strong>517.</strong></span> 
     </span>
     <span class='ocr_line' id='line_1_3' title="bbox 109 542 1029 614; baseline -0.016 -14"><span class='ocrx_word' id='word_1_15' title='bbox 109 546 147 607; x_wconf 82' lang='lat' dir='ltr'><strong>tis</strong></span> <span class='ocrx_word' id='word_1_16' title='bbox 165 545 261 614; x_wconf 80' lang='lat' dir='ltr'><strong>e&#39;scr&#39;pe</strong></span> <span class='ocrx_word' id='word_1_17' title='bbox 276 549 387 614; x_wconf 67' lang='lat' dir='ltr'><strong>segnis,</strong></span> <span class='ocrx_word' id='word_1_18' title='bbox 406 542 561 599; x_wconf 87' lang='lat' dir='ltr'><strong>coniunctis</strong></span> <span class='ocrx_word' id='word_1_19' title='bbox 577 542 705 607; x_wconf 85' lang='lat' dir='ltr'><strong>ducibus,</strong></span> <span class='ocrx_word' id='word_1_20' title='bbox 723 557 791 612; x_wconf 82' lang='lat' dir='ltr'><strong>quos</strong></span> <span class='ocrx_word' id='word_1_21' title='bbox 809 548 1029 601; x_wconf 80' lang='lat' dir='ltr'><strong>commemoratu</strong></span> 
     </span>
     <span class='ocr_line' id='line_1_4' title="bbox 109 608 1029 691; baseline -0.013 -21"><span class='ocrx_word' id='word_1_22' title='bbox 109 612 166 691; x_wconf 77' lang='lat' dir='ltr'><strong>[Sic</strong></span> <span class='ocrx_word' id='word_1_23' title='bbox 182 624 277 672; x_wconf 86' lang='lat' dir='ltr'><strong>autem</strong></span> <span class='ocrx_word' id='word_1_24' title='bbox 293 615 437 669; x_wconf 75' lang='lat' dir='ltr'><strong>dicebatur</strong></span> <span class='ocrx_word' id='word_1_25' title='bbox 455 632 471 668; x_wconf 91' lang='lat' dir='ltr'><strong>a</strong></span> <span class='ocrx_word' id='word_1_26' title='bbox 487 612 637 676; x_wconf 76' lang='lat' dir='ltr'><strong>Romaim,</strong></span> <span class='ocrx_word' id='word_1_27' title='bbox 659 613 784 678; x_wconf 87' lang='lat' dir='ltr'><strong>quotiens</strong></span> <span class='ocrx_word' id='word_1_28' title='bbox 808 610 867 662; x_wconf 87' lang='lat' dir='ltr'><strong>acie</strong></span> <span class='ocrx_word' id='word_1_29' title='bbox 886 608 1029 658; x_wconf 80' lang='lat' dir='ltr'><strong>dimicatur</strong></span> 
     </span>
     <span class='ocr_line' id='line_1_5' title="bbox 110 679 1029 751; baseline -0.014 -16"><span class='ocrx_word' id='word_1_30' title='bbox 110 713 146 724; x_wconf 90' lang='lat'>-</span> <span class='ocrx_word' id='word_1_31' title='bbox 180 692 244 745; x_wconf 65' lang='grc'><strong>518,</strong></span> <span class='ocrx_word' id='word_1_32' title='bbox 257 683 362 741; x_wconf 82' lang='lat' dir='ltr'><strong>Tecum</strong></span> <span class='ocrx_word' id='word_1_33' title='bbox 379 698 448 736; x_wconf 81' lang='lat' dir='ltr'><strong>acer</strong></span> <span class='ocrx_word' id='word_1_34' title='bbox 460 681 611 751; x_wconf 76' lang='lat' dir='ltr'><em>Messapus</em></span> <span class='ocrx_word' id='word_1_35' title='bbox 629 683 697 742; x_wconf 80' lang='lat' dir='ltr'><strong>erit,-</strong></span> <span class='ocrx_word' id='word_1_36' title='bbox 714 679 821 745; x_wconf 75' lang='lat' dir='ltr'><strong>ingenti</strong></span> <span class='ocrx_word' id='word_1_37' title='bbox 837 679 946 730; x_wconf 83' lang='lat' dir='ltr'>honore</span> <span class='ocrx_word' id='word_1_38' title='bbox 956 688 1029 739; x_wconf 75' lang='lat' dir='ltr'><strong>,tecm</strong></span> 
     </span>
     <span class='ocr_line' id='line_1_6' title="bbox 110 742 1029 812; baseline -0.015 -6"><span class='ocrx_word' id='word_1_39' title='bbox 110 754 164 812; x_wconf 82' lang='lat' dir='ltr'><strong>hoc</strong></span> <span class='ocrx_word' id='word_1_40' title='bbox 181 761 222 806; x_wconf 91' lang='lat' dir='ltr'><strong>est</strong></span> <span class='ocrx_word' id='word_1_41' title='bbox 237 769 295 804; x_wconf 82' lang='lat' dir='ltr'><strong>non</strong></span> <span class='ocrx_word' id='word_1_42' title='bbox 310 760 342 803; x_wconf 90' lang='lat' dir='ltr'><strong>tu</strong></span> <span class='ocrx_word' id='word_1_43' title='bbox 357 751 398 805; x_wconf 90' lang='lat' dir='ltr'><strong>illi</strong></span> <span class='ocrx_word' id='word_1_44' title='bbox 414 751 542 803; x_wconf 85' lang='lat' dir='ltr'><strong>adiuncta</strong></span> <span class='ocrx_word' id='word_1_45' title='bbox 559 751 628 812; x_wconf 78' lang='lat' dir='ltr'><strong>eris,</strong></span> <span class='ocrx_word' id='word_1_46' title='bbox 643 748 691 800; x_wconf 91' lang='lat' dir='ltr'><strong>sed</strong></span> <span class='ocrx_word' id='word_1_47' title='bbox 707 748 755 798; x_wconf 90' lang='lat' dir='ltr'><strong>ille</strong></span> <span class='ocrx_word' id='word_1_48' title='bbox 772 745 851 812; x_wconf 76' lang='lat' dir='ltr'><strong>tibil&#39;</strong></span> <span class='ocrx_word' id='word_1_49' title='bbox 861 773 897 783; x_wconf 92' lang='lat'>-</span> <span class='ocrx_word' id='word_1_50' title='bbox 932 752 994 802; x_wconf 82' lang='lat'>519.</span> <span class='ocrx_word' id='word_1_51' title='bbox 1011 742 1029 792; x_wconf 85' lang='lat' dir='ltr'><strong>&#39;l</strong></span> 
     </span>
     <span class='ocr_line' id='line_1_7' title="bbox 112 816 1008 892; baseline -0.009 -21"><span class='ocrx_word' id='word_1_52' title='bbox 112 818 168 892; x_wconf 79' lang='lat' dir='ltr'><strong>que</strong></span> <span class='ocrx_word' id='word_1_53' title='bbox 189 839 308 884; x_wconf 79' lang='lat' dir='ltr'><strong>manus5</strong></span> <span class='ocrx_word' id='word_1_54' title='bbox 340 819 453 876; x_wconf 73' lang='lat' dir='ltr'><strong>Catillus</strong></span> <span class='ocrx_word' id='word_1_55' title='bbox 478 826 505 869; x_wconf 88' lang='lat' dir='ltr'><strong>et</strong></span> <span class='ocrx_word' id='word_1_56' title='bbox 530 819 625 873; x_wconf 69' lang='lat' dir='ltr'><strong>Coras,</strong></span> <span class='ocrx_word' id='word_1_57' title='bbox 670 816 763 867; x_wconf 88' lang='lat' dir='ltr'><strong>Ducis</strong></span> <span class='ocrx_word' id='word_1_58' title='bbox 788 829 813 867; x_wconf 88' lang='lat' dir='ltr'><strong>et</strong></span> <span class='ocrx_word' id='word_1_59' title='bbox 836 828 866 865; x_wconf 88' lang='lat' dir='ltr'><strong>tu</strong></span> <span class='ocrx_word' id='word_1_60' title='bbox 893 817 1008 881; x_wconf 78' lang='lat' dir='ltr'><strong>concipe</strong></span> 
     </span>
     <span class='ocr_line' id='line_1_8' title="bbox 112 880 1029 956; baseline -0.012 -14"><span class='ocrx_word' id='word_1_61' title='bbox 112 891 183 945; x_wconf 85' lang='lat' dir='ltr'><strong>sicut</strong></span> <span class='ocrx_word' id='word_1_62' title='bbox 200 904 264 956; x_wconf 75' lang='lat' dir='ltr'><strong>ego.</strong></span> <span class='ocrx_word' id='word_1_63' title='bbox 293 887 368 941; x_wconf 86' lang='lat' dir='ltr'><strong>Nam</strong></span> <span class='ocrx_word' id='word_1_64' title='bbox 384 904 439 943; x_wconf 82' lang='lat' dir='ltr'><strong>non</strong></span> <span class='ocrx_word' id='word_1_65' title='bbox 458 885 539 952; x_wconf 85' lang='lat' dir='ltr'><strong>dicit,</strong></span> <span class='ocrx_word' id='word_1_66' title='bbox 556 886 626 938; x_wconf 77' lang='lat' dir='ltr'><strong>sicia</strong></span> <span class='ocrx_word' id='word_1_67' title='bbox 641 884 783 954; x_wconf 76' lang='lat' dir='ltr'>Messapus</span> <span class='ocrx_word' id='word_1_68' title='bbox 803 882 932 951; x_wconf 80' lang='lat' dir='ltr'><strong>autulii,</strong></span> <span class='ocrx_word' id='word_1_69' title='bbox 957 901 994 934; x_wconf 88' lang='lat' dir='ltr'><strong>ne</strong></span> <span class='ocrx_word' id='word_1_70' title='bbox 1010 880 1029 932; x_wconf 87' lang='lat' dir='ltr'><strong>ei</strong></span> 
     </span>
     <span class='ocr_line' id='line_1_9' title="bbox 110 948 1029 1022; baseline -0.012 -12"><span class='ocrx_word' id='word_1_71' title='bbox 110 959 246 1016; x_wconf 64' lang='lat' dir='ltr'><strong>hauriam</strong></span> <span class='ocrx_word' id='word_1_72' title='bbox 262 955 397 1009; x_wconf 78' lang='lat' dir='ltr'><strong>videatur..</strong></span> <span class='ocrx_word' id='word_1_73' title='bbox 429 955 550 1022; x_wconf 82' lang='lat' dir='ltr'><strong>Concipe</strong></span> <span class='ocrx_word' id='word_1_74' title='bbox 574 961 686 1019; x_wconf 89' lang='lat' dir='ltr'><strong>autem,</strong></span> <span class='ocrx_word' id='word_1_75' title='bbox 710 948 772 1022; x_wconf 87' lang='lat' dir='ltr'><strong>[vel]</strong></span> <span class='ocrx_word' id='word_1_76' title='bbox 797 951 879 1011; x_wconf 82' lang='lat' dir='ltr'><strong>simul</strong></span> <span class='ocrx_word' id='word_1_77' title='bbox 897 967 963 1002; x_wconf 91' lang='lat' dir='ltr'><strong>cum</strong></span> <span class='ocrx_word' id='word_1_78' title='bbox 987 949 1029 1002; x_wconf 73' lang='lat' dir='ltr'><strong>illi:</strong></span> 
     </span>
     <span class='ocr_line' id='line_1_10' title="bbox 113 1019 1029 1146; baseline -0.013 -65"><span class='ocrx_word' id='word_1_79' title='bbox 113 1026 168 1146; x_wconf 58' lang='lat' dir='ltr'><strong>ppei</strong></span> <span class='ocrx_word' id='word_1_80' title='bbox 188 1040 301 1091; x_wconf 72' lang='lat' dir='ltr'><strong>messim</strong></span> <span class='ocrx_word' id='word_1_81' title='bbox 323 1041 406 1093; x_wconf 83' lang='lat' dir='ltr'><strong>cape,</strong></span> <span class='ocrx_word' id='word_1_82' title='bbox 435 1025 500 1093; x_wconf 84' lang='lat' dir='ltr'><strong>quia</strong></span> <span class='ocrx_word' id='word_1_83' title='bbox 523 1023 569 1075; x_wconf 88' lang='lat' dir='ltr'><strong>ille</strong></span> <span class='ocrx_word' id='word_1_84' title='bbox 593 1021 712 1074; x_wconf 83' lang='lat' dir='ltr'><strong>dixerat:</strong></span> <span class='ocrx_word' id='word_1_85' title='bbox 745 1038 850 1087; x_wconf 74' lang='lat' dir='ltr'><strong>mecum</strong></span> <span class='ocrx_word' id='word_1_86' title='bbox 893 1022 982 1072; x_wconf 83' lang='lat' dir='ltr'><strong>artire</strong></span> <span class='ocrx_word' id='word_1_87' title='bbox 1007 1019 1029 1069; x_wconf 84' lang='lat' dir='ltr'><strong>lo</strong></span> 
     </span>
     <span class='ocr_line' id='line_1_11' title="bbox 140 1087 1022 1158; baseline -0.007 -14"><span class='ocrx_word' id='word_1_88' title='bbox 140 1111 188 1146; x_wconf 89' lang='lat' dir='ltr'><strong>am</strong></span> <span class='ocrx_word' id='word_1_89' title='bbox 204 1111 257 1147; x_wconf 85' lang='lat' dir='ltr'><strong>cca</strong></span> <span class='ocrx_word' id='word_1_90' title='bbox 273 1092 446 1146; x_wconf 79' lang='lat' dir='ltr'><strong>coniunctius</strong></span> <span class='ocrx_word' id='word_1_91' title='bbox 463 1092 512 1158; x_wconf 73' lang='lat' dir='ltr'><strong>(al.</strong></span> <span class='ocrx_word' id='word_1_92' title='bbox 529 1092 743 1153; x_wconf 61' lang='lat' dir='ltr'><strong>continuatas</strong></span> <span class='ocrx_word' id='word_1_93' title='bbox 785 1091 853 1141; x_wconf 85' lang='lat' dir='ltr'><strong>artic</strong></span> <span class='ocrx_word' id='word_1_94' title='bbox 884 1107 908 1141; x_wconf 86' lang='lat' dir='ltr'><strong>a.</strong></span> <span class='ocrx_word' id='word_1_95' title='bbox 943 1087 1022 1139; x_wconf 86' lang='lat' dir='ltr'><strong>Unde</strong></span> 
     </span>
     <span class='ocr_line' id='line_1_12' title="bbox 114 1156 1029 1229; baseline -0.01 -15"><span class='ocrx_word' id='word_1_96' title='bbox 114 1166 213 1214; x_wconf 81' lang='lat' dir='ltr'><strong>vacari</strong></span> <span class='ocrx_word' id='word_1_97' title='bbox 236 1161 271 1214; x_wconf 84' lang='lat' dir='ltr'><strong>de</strong></span> <span class='ocrx_word' id='word_1_98' title='bbox 296 1161 420 1229; x_wconf 88' lang='lat' dir='ltr'><strong>pluribus</strong></span> <span class='ocrx_word' id='word_1_99' title='bbox 445 1160 569 1214; x_wconf 63' lang='lat' dir='ltr'><strong>dicimus,</strong></span> <span class='ocrx_word' id='word_1_100' title='bbox 585 1185 620 1196; x_wconf 89' lang='lat'><em>-</em></span> <span class='ocrx_word' id='word_1_101' title='bbox 661 1168 723 1218; x_wconf 75' lang='lat'><strong>522.</strong></span> <span class='ocrx_word' id='word_1_102' title='bbox 769 1161 839 1212; x_wconf 86' lang='lat' dir='ltr'><strong>alles</strong></span> <span class='ocrx_word' id='word_1_103' title='bbox 846 1182 855 1222; x_wconf 89' lang='lat'><strong>,·</strong></span> <span class='ocrx_word' id='word_1_104' title='bbox 880 1156 966 1209; x_wconf 87' lang='lat' dir='ltr'><strong>metri</strong></span> <span class='ocrx_word' id='word_1_105' title='bbox 991 1173 1029 1206; x_wconf 67' lang='lat' dir='ltr'><strong>ne*</strong></span> 
     </span>
     <span class='ocr_line' id='line_1_13' title="bbox 104 1222 1029 1300; baseline -0.011 -17"><span class='ocrx_word' id='word_1_106' title='bbox 104 1228 324 1300; x_wconf 52' lang='lat' dir='ltr'><strong>&#39;compellimum</strong></span> <span class='ocrx_word' id='word_1_107' title='bbox 346 1236 377 1278; x_wconf 88' lang='lat' dir='ltr'><strong>ut</strong></span> <span class='ocrx_word' id='word_1_108' title='bbox 400 1223 486 1295; x_wconf 64' lang='lat' dir='ltr'><strong>vallis</strong></span> <span class='ocrx_word' id='word_1_109' title='bbox 511 1227 643 1282; x_wconf 80' lang='lat' dir='ltr'><strong>dicamus.</strong></span> <span class='ocrx_word' id='word_1_110' title='bbox 682 1227 782 1279; x_wconf 82' lang='lat' dir='ltr'><strong>Statius</strong></span> <span class='ocrx_word' id='word_1_111' title='bbox 805 1233 857 1293; x_wconf 62' lang='lat'><strong>(6,</strong></span> <span class='ocrx_word' id='word_1_112' title='bbox 879 1225 976 1287; x_wconf 72' lang='lat'>255.):</span> <span class='ocrx_word' id='word_1_113' title='bbox 1004 1222 1029 1273; x_wconf 64' lang='lat' dir='ltr'><strong>Vr</strong></span> 
     </span>
     <span class='ocr_line' id='line_1_14' title="bbox 116 1293 1029 1366; baseline -0.012 -15"><span class='ocrx_word' id='word_1_114' title='bbox 116 1301 248 1366; x_wconf 72' lang='lat' dir='ltr'><strong>amplexu</strong></span> <span class='ocrx_word' id='word_1_115' title='bbox 275 1313 420 1347; x_wconf 81' lang='lat' dir='ltr'><strong>nemorum</strong></span> <span class='ocrx_word' id='word_1_116' title='bbox 444 1299 534 1361; x_wconf 66' lang='lat' dir='ltr'><strong>sedet,</strong></span> <span class='ocrx_word' id='word_1_117' title='bbox 559 1313 626 1347; x_wconf 88' lang='lat' dir='ltr'><strong>nam</strong></span> <span class='ocrx_word' id='word_1_118' title='bbox 650 1296 827 1366; x_wconf 60' lang='lat' dir='ltr'><strong>plenumf&#39;est</strong></span> <span class='ocrx_word' id='word_1_119' title='bbox 851 1295 956 1361; x_wconf 82' lang='lat' dir='ltr'><strong>valles,</strong></span> <span class='ocrx_word' id='word_1_120' title='bbox 987 1293 1029 1343; x_wconf 78' lang='lat' dir='ltr'><strong>sici</strong></span> 
     </span>
     <span class='ocr_line' id='line_1_15' title="bbox 114 1361 1028 1434; baseline -0.01 -16"><span class='ocrx_word' id='word_1_121' title='bbox 114 1366 247 1434; x_wconf 79' lang='lat' dir='ltr'><strong>Virgilius</strong></span> <span class='ocrx_word' id='word_1_122' title='bbox 262 1365 368 1433; x_wconf 82' lang='lat' dir='ltr'><strong>posuit,</strong></span> <span class='ocrx_word' id='word_1_123' title='bbox 391 1367 464 1433; x_wconf 82' lang='lat' dir='ltr'><strong>quod</strong></span> <span class='ocrx_word' id='word_1_124' title='bbox 480 1367 519 1415; x_wconf 88' lang='lat' dir='ltr'><strong>ita</strong></span> <span class='ocrx_word' id='word_1_125' title='bbox 538 1362 759 1417; x_wconf 73' lang='lat' dir='ltr'><strong>esse&#39;diminutlc‘)</strong></span> <span class='ocrx_word' id='word_1_126' title='bbox 777 1361 895 1416; x_wconf 83' lang='lat' dir='ltr'><strong>indicat:</strong></span> <span class='ocrx_word' id='word_1_127' title='bbox 920 1377 989 1412; x_wconf 88' lang='lat' dir='ltr'><strong>nam</strong></span> <span class='ocrx_word' id='word_1_128' title='bbox 1012 1379 1028 1410; x_wconf 87' lang='lat' dir='ltr'><em>v</em></span> 
     </span>
     <span class='ocr_line' id='line_1_16' title="bbox 115 1430 1029 1498; baseline -0.01 -11"><span class='ocrx_word' id='word_1_129' title='bbox 115 1435 232 1498; x_wconf 76' lang='lat' dir='ltr'><strong>dicitur,</strong></span> <span class='ocrx_word' id='word_1_130' title='bbox 253 1435 324 1486; x_wconf 87' lang='lat' dir='ltr'><strong>sicut</strong></span> <span class='ocrx_word' id='word_1_131' title='bbox 341 1435 443 1486; x_wconf 82' lang='lat' dir='ltr'><strong>turrim</strong></span> <span class='ocrx_word' id='word_1_132' title='bbox 462 1433 516 1486; x_wconf 90' lang='lat' dir='ltr'><strong>dici</strong></span> <span class='ocrx_word' id='word_1_133' title='bbox 533 1433 635 1484; x_wconf 85' lang='lat' dir='ltr'><strong>debere</strong></span> <span class='ocrx_word' id='word_1_134' title='bbox 659 1435 828 1485; x_wconf 79' lang='lat' dir='ltr'><strong>turriculam</strong></span> <span class='ocrx_word' id='word_1_135' title='bbox 852 1431 970 1494; x_wconf 86' lang='lat' dir='ltr'><strong>indicat,</strong></span> <span class='ocrx_word' id='word_1_136' title='bbox 996 1430 1029 1480; x_wconf 78' lang='lat' dir='ltr'><strong>sic</strong></span> 
     </span>
     <span class='ocr_line' id='line_1_17' title="bbox 116 1501 1029 1584; baseline -0.008 -30"><span class='ocrx_word' id='word_1_137' title='bbox 116 1512 181 1584; x_wconf 79' lang='lat' dir='ltr'><strong>pes,</strong></span> <span class='ocrx_word' id='word_1_138' title='bbox 204 1503 352 1566; x_wconf 71' lang='lat' dir='ltr'><strong>vulpecula</strong></span> <span class='ocrx_word' id='word_1_139' title='bbox 369 1502 447 1556; x_wconf 71' lang='lat' dir='ltr'><strong>facit,</strong></span> <span class='ocrx_word' id='word_1_140' title='bbox 476 1503 620 1556; x_wconf 81' lang='lat' dir='ltr'><strong>Horatius:</strong></span> <span class='ocrx_word' id='word_1_141' title='bbox 642 1501 756 1569; x_wconf 82' lang='lat' dir='ltr'><strong>Movent</strong></span> <span class='ocrx_word' id='word_1_142' title='bbox 773 1501 922 1568; x_wconf 81' lang='lat' dir='ltr'><strong>vulpecula</strong></span> <span class='ocrx_word' id='word_1_143' title='bbox 941 1501 1029 1548; x_wconf 84' lang='lat' dir='ltr'><strong>risum</strong></span> 
     </span>
     <span class='ocr_line' id='line_1_18' title="bbox 115 1568 1029 1640; baseline -0.008 -17"><span class='ocrx_word' id='word_1_144' title='bbox 115 1590 146 1628; x_wconf 84' lang='lat' dir='ltr'><strong>m</strong></span> <span class='ocrx_word' id='word_1_145' title='bbox 165 1574 196 1623; x_wconf 85' lang='lat' dir='ltr'><strong>es&#39;</strong></span> <span class='ocrx_word' id='word_1_146' title='bbox 210 1571 254 1622; x_wconf 79' lang='lat' dir='ltr'><strong>vel</strong></span> <span class='ocrx_word' id='word_1_147' title='bbox 269 1570 299 1621; x_wconf 87' lang='lat' dir='ltr'><strong>in</strong></span> <span class='ocrx_word' id='word_1_148' title='bbox 317 1572 342 1620; x_wconf 87' lang='lat' dir='ltr'><strong>is</strong></span> <span class='ocrx_word' id='word_1_149' title='bbox 360 1571 469 1638; x_wconf 85' lang='lat' dir='ltr'><strong>quando</strong></span> <span class='ocrx_word' id='word_1_150' title='bbox 487 1569 660 1636; x_wconf 83' lang='lat' dir='ltr'><strong>usurpative,</strong></span> <span class='ocrx_word' id='word_1_151' title='bbox 684 1571 792 1640; x_wconf 83' lang='lat' dir='ltr'><strong>quando</strong></span> <span class='ocrx_word' id='word_1_152' title='bbox 809 1568 973 1622; x_wconf 84' lang='lat' dir='ltr'><strong>naturaliter</strong></span> <span class='ocrx_word' id='word_1_153' title='bbox 992 1584 1029 1617; x_wconf 74' lang='lat' dir='ltr'><strong>exi</strong></span> 
     </span>
     <span class='ocr_line' id='line_1_19' title="bbox 116 1635 1029 1709; baseline -0.009 -17"><span class='ocrx_word' id='word_1_154' title='bbox 116 1641 209 1706; x_wconf 79' lang='lat' dir='ltr'><strong>mine,</strong></span> <span class='ocrx_word' id='word_1_155' title='bbox 224 1638 281 1692; x_wconf 85' lang='lat' dir='ltr'><strong>sola</strong></span> <span class='ocrx_word' id='word_1_156' title='bbox 298 1638 444 1690; x_wconf 86' lang='lat' dir='ltr'><strong>diminutio</strong></span> <span class='ocrx_word' id='word_1_157' title='bbox 461 1639 636 1702; x_wconf 71' lang='lat' dir='ltr'><strong>in,dicat;&#39;ea</strong></span> <span class='ocrx_word' id='word_1_158' title='bbox 655 1644 748 1691; x_wconf 79' lang='lat' dir='ltr'><strong>aiitem</strong></span> <span class='ocrx_word' id='word_1_159' title='bbox 765 1638 882 1709; x_wconf 79' lang='lat' dir='ltr'><strong>quaein</strong></span> <span class='ocrx_word' id='word_1_160' title='bbox 900 1653 929 1685; x_wconf 82' lang='lat' dir='ltr'><strong>es</strong></span> <span class='ocrx_word' id='word_1_161' title='bbox 947 1635 1029 1686; x_wconf 83' lang='lat' dir='ltr'><strong>exem</strong></span> 
     </span>
     <span class='ocr_line' id='line_1_20' title="bbox 116 1705 1029 1775; baseline -0.008 -16"><span class='ocrx_word' id='word_1_162' title='bbox 116 1717 180 1766; x_wconf 81' lang='lat' dir='ltr'><strong>aaut</strong></span> <span class='ocrx_word' id='word_1_163' title='bbox 197 1707 306 1773; x_wconf 84' lang='lat' dir='ltr'><strong>o&#39;mnia,</strong></span> <span class='ocrx_word' id='word_1_164' title='bbox 328 1707 397 1759; x_wconf 89' lang='lat' dir='ltr'><strong>siin</strong></span> <span class='ocrx_word' id='word_1_165' title='bbox 413 1707 533 1775; x_wconf 79' lang='lat' dir='ltr'><strong>genitivo</strong></span> <span class='ocrx_word' id='word_1_166' title='bbox 557 1721 614 1758; x_wconf 89' lang='lat' dir='ltr'><strong>non</strong></span> <span class='ocrx_word' id='word_1_167' title='bbox 637 1715 778 1774; x_wconf 83' lang='lat' dir='ltr'><strong>crescant,</strong></span> <span class='ocrx_word' id='word_1_168' title='bbox 799 1715 834 1760; x_wconf 80' lang='lat' dir='ltr'><strong>ut.</strong></span> <span class='ocrx_word' id='word_1_169' title='bbox 847 1706 938 1768; x_wconf 81' lang='lat' dir='ltr'><strong>labes,</strong></span> <span class='ocrx_word' id='word_1_170' title='bbox 961 1705 1029 1754; x_wconf 67' lang='lat' dir='ltr'><strong>valli</strong></span> 
     </span>
     <span class='ocr_line' id='line_1_21' title="bbox 136 1773 1029 1841; baseline -0.006 -13"><span class='ocrx_word' id='word_1_171' title='bbox 136 1794 173 1828; x_wconf 88' lang='lat' dir='ltr'><strong>es.</strong></span> <span class='ocrx_word' id='word_1_172' title='bbox 207 1776 280 1830; x_wconf 83' lang='lat' dir='ltr'><strong>Nam</strong></span> <span class='ocrx_word' id='word_1_173' title='bbox 297 1775 320 1828; x_wconf 88' lang='lat' dir='ltr'><strong>si</strong></span> <span class='ocrx_word' id='word_1_174' title='bbox 337 1783 478 1840; x_wconf 81' lang='lat' dir='ltr'><strong>crescant,</strong></span> <span class='ocrx_word' id='word_1_175' title='bbox 500 1775 595 1828; x_wconf 85' lang='lat' dir='ltr'><strong>brevia</strong></span> <span class='ocrx_word' id='word_1_176' title='bbox 618 1783 699 1841; x_wconf 81' lang='lat' dir='ltr'><strong>sunt,</strong></span> <span class='ocrx_word' id='word_1_177' title='bbox 723 1785 755 1830; x_wconf 89' lang='lat' dir='ltr'><strong>ut</strong></span> <span class='ocrx_word' id='word_1_178' title='bbox 772 1777 867 1840; x_wconf 83' lang='lat' dir='ltr'><strong>miles,</strong></span> <span class='ocrx_word' id='word_1_179' title='bbox 892 1773 1005 1824; x_wconf 83' lang='lat' dir='ltr'><strong>militis.</strong></span> <span class='ocrx_word' id='word_1_180' title='bbox 1023 1800 1029 1808; x_wconf 94' lang='lat'>·</span> 
     </span>
     <span class='ocr_line' id='line_1_22' title="bbox 57 1841 1028 1917; baseline -0.008 -20"><span class='ocrx_word' id='word_1_181' title='bbox 57 1908 60 1912; x_wconf 26' lang='lat'>.</span> <span class='ocrx_word' id='word_1_182' title='bbox 97 1885 100 1893; x_wconf 52' lang='lat'><em>1</em></span> <span class='ocrx_word' id='word_1_183' title='bbox 131 1846 237 1897; x_wconf 84' lang='lat' dir='ltr'><strong>Densis</strong></span> <span class='ocrx_word' id='word_1_184' title='bbox 261 1844 420 1917; x_wconf 77' lang='lat' dir='ltr'><strong>frondibus</strong></span> <span class='ocrx_word' id='word_1_185' title='bbox 451 1855 561 1908; x_wconf 65' lang='lat' dir='ltr'><strong>atrum,</strong></span> <span class='ocrx_word' id='word_1_186' title='bbox 589 1851 684 1898; x_wconf 83' lang='lat' dir='ltr'><strong>utrum</strong></span> <span class='ocrx_word' id='word_1_187' title='bbox 708 1845 796 1897; x_wconf 88' lang='lat' dir='ltr'><strong>densis</strong></span> <span class='ocrx_word' id='word_1_188' title='bbox 825 1841 968 1895; x_wconf 86' lang='lat' dir='ltr'><strong>frondibus</strong></span> <span class='ocrx_word' id='word_1_189' title='bbox 994 1857 1028 1890; x_wconf 92' lang='lat' dir='ltr'><strong>ur</strong></span> 
     </span>
     <span class='ocr_line' id='line_1_23' title="bbox 137 1910 1029 1982; baseline -0.01 -16"><span class='ocrx_word' id='word_1_190' title='bbox 137 1915 209 1966; x_wconf 88' lang='lat' dir='ltr'><strong>ensis</strong></span> <span class='ocrx_word' id='word_1_191' title='bbox 231 1913 374 1967; x_wconf 86' lang='lat' dir='ltr'><strong>frondibus</strong></span> <span class='ocrx_word' id='word_1_192' title='bbox 392 1911 526 1982; x_wconf 75' lang='lat' dir='ltr'><strong>atrumP]</strong></span> <span class='ocrx_word' id='word_1_193' title='bbox 540 1936 574 1952; x_wconf 84' lang='lat'><strong>··</strong></span> <span class='ocrx_word' id='word_1_194' title='bbox 608 1916 673 1970; x_wconf 73' lang='lat'><strong>524.</strong></span> <span class='ocrx_word' id='word_1_195' title='bbox 688 1912 752 1980; x_wconf 89' lang='lat' dir='ltr'><strong>Quo</strong></span> <span class='ocrx_word' id='word_1_196' title='bbox 770 1916 870 1966; x_wconf 86' lang='lat' dir='ltr'><strong>semita</strong></span> <span class='ocrx_word' id='word_1_197' title='bbox 890 1910 985 1972; x_wconf 76' lang='lat' dir='ltr'><strong>ducit3</strong></span> <span class='ocrx_word' id='word_1_198' title='bbox 1010 1910 1029 1961; x_wconf 87' lang='grc'><strong>1(</strong></span> 
     </span>
     <span class='ocr_line' id='line_1_24' title="bbox 118 1980 1029 2051; baseline -0.008 -19"><span class='ocrx_word' id='word_1_199' title='bbox 118 2000 183 2049; x_wconf 80' lang='lat' dir='ltr'><strong>qua.</strong></span> <span class='ocrx_word' id='word_1_200' title='bbox 200 2009 235 2024; x_wconf 65' lang='grc' dir='ltr'><strong>-ν</strong></span> <span class='ocrx_word' id='word_1_201' title='bbox 270 1986 330 2039; x_wconf 78' lang='lat'><strong>525.</strong></span> <span class='ocrx_word' id='word_1_202' title='bbox 348 1980 504 2046; x_wconf 86' lang='lat' dir='ltr'><strong>Aditusque</strong></span> <span class='ocrx_word' id='word_1_203' title='bbox 523 1980 644 2046; x_wconf 83' lang='lat' dir='ltr'><strong>maligni</strong></span> <span class='ocrx_word' id='word_1_204' title='bbox 650 2004 660 2045; x_wconf 61' lang='grc' dir='ltr'><strong><em>ς</em></strong></span> <span class='ocrx_word' id='word_1_205' title='bbox 675 1981 797 2051; x_wconf 42' lang='lat' dir='ltr'><strong>,proprie</strong></span> <span class='ocrx_word' id='word_1_206' title='bbox 816 1981 944 2033; x_wconf 78' lang='lat' dir='ltr'><strong>obscuri:</strong></span> <span class='ocrx_word' id='word_1_207' title='bbox 962 1984 994 2026; x_wconf 89' lang='lat' dir='ltr'><strong>ut</strong></span> <span class='ocrx_word' id='word_1_208' title='bbox 1012 1982 1029 2043; x_wconf 74' lang='lat' dir='ltr'><strong>(l</strong></span> 
     </span>
     <span class='ocr_line' id='line_1_25' title="bbox 118 2048 1029 2117; baseline -0.008 -16"><span class='ocrx_word' id='word_1_209' title='bbox 118 2051 178 2101; x_wconf 67' lang='lat' dir='ltr'><strong>sat</strong></span> <span class='ocrx_word' id='word_1_210' title='bbox 195 2051 255 2100; x_wconf 90' lang='lat' dir='ltr'><strong>luce</strong></span> <span class='ocrx_word' id='word_1_211' title='bbox 275 2049 413 2114; x_wconf 60' lang='lat' dir='ltr'><strong>rnaligna..</strong></span> <span class='ocrx_word' id='word_1_212' title='bbox 428 2075 463 2088; x_wconf 52' lang='grc' dir='ltr'><strong>-η</strong></span> <span class='ocrx_word' id='word_1_213' title='bbox 498 2051 560 2105; x_wconf 79' lang='lat'><strong>527.</strong></span> <span class='ocrx_word' id='word_1_214' title='bbox 576 2048 695 2116; x_wconf 77' lang='lat' dir='ltr'><strong>Ignota,-</strong></span> <span class='ocrx_word' id='word_1_215' title='bbox 712 2051 766 2117; x_wconf 86' lang='lat' dir='ltr'><strong>[vel</strong></span> <span class='ocrx_word' id='word_1_216' title='bbox 781 2051 1004 2116; x_wconf 77' lang='lat' dir='ltr'><strong>infrequentata,</strong></span> <span class='ocrx_word' id='word_1_217' title='bbox 1021 2063 1029 2094; x_wconf 74' lang='lat' dir='ltr'><strong>r</strong></span> 
     </span>
     <span class='ocr_line' id='line_1_26' title="bbox 118 2112 1024 2181; baseline -0.008 -12"><span class='ocrx_word' id='word_1_218' title='bbox 118 2115 167 2181; x_wconf 63' lang='lat' dir='ltr'><strong>aaz]</strong></span> <span class='ocrx_word' id='word_1_219' title='bbox 201 2116 310 2167; x_wconf 86' lang='lat' dir='ltr'><strong>Scilicet</strong></span> <span class='ocrx_word' id='word_1_220' title='bbox 326 2117 445 2168; x_wconf 63' lang='lat' dir='ltr'><strong>Aeneae„</strong></span> <span class='ocrx_word' id='word_1_221' title='bbox 476 2115 549 2167; x_wconf 85' lang='lat' dir='ltr'><strong>Nam</strong></span> <span class='ocrx_word' id='word_1_222' title='bbox 572 2115 606 2169; x_wconf 90' lang='lat' dir='ltr'><strong>de</strong></span> <span class='ocrx_word' id='word_1_223' title='bbox 624 2118 719 2169; x_wconf 81' lang='lat' dir='ltr'><strong>Turno</strong></span> <span class='ocrx_word' id='word_1_224' title='bbox 737 2118 858 2169; x_wconf 88' lang='lat' dir='ltr'><strong>dicturus</strong></span> <span class='ocrx_word' id='word_1_225' title='bbox 876 2124 932 2168; x_wconf 85' lang='lat' dir='ltr'><strong>est:</strong></span> <span class='ocrx_word' id='word_1_226' title='bbox 957 2112 1024 2163; x_wconf 87' lang='lat' dir='ltr'><strong>Huc</strong></span> 
     </span>
     <span class='ocr_line' id='line_1_27' title="bbox 120 2183 1021 2254; baseline -0.007 -16"><span class='ocrx_word' id='word_1_227' title='bbox 120 2197 188 2241; x_wconf 78' lang='lat' dir='ltr'><strong>nota</strong></span> <span class='ocrx_word' id='word_1_228' title='bbox 207 2185 305 2254; x_wconf 79' lang='lat' dir='ltr'><strong>fertur</strong></span> <span class='ocrx_word' id='word_1_229' title='bbox 328 2186 440 2250; x_wconf 68' lang='lat' dir='ltr'><strong>regione</strong></span> <span class='ocrx_word' id='word_1_230' title='bbox 465 2185 587 2237; x_wconf 85' lang='lat' dir='ltr'><strong>viarum.</strong></span> <span class='ocrx_word' id='word_1_231' title='bbox 625 2185 746 2251; x_wconf 83' lang='lat' dir='ltr'><strong>Tutique</strong></span> <span class='ocrx_word' id='word_1_232' title='bbox 771 2198 911 2251; x_wconf 55' lang='lat' dir='ltr'><strong>recepturi</strong></span> <span class='ocrx_word' id='word_1_233' title='bbox 936 2183 1021 2250; x_wconf 78' lang='lat' dir='ltr'><strong>[inula</strong></span> 
     </span>
     <span class='ocr_line' id='line_1_28' title="bbox 120 2249 1029 2323; baseline -0.003 -17"><span class='ocrx_word' id='word_1_234' title='bbox 120 2271 247 2310; x_wconf 78' lang='lat' dir='ltr'><strong>recussus</strong></span> <span class='ocrx_word' id='word_1_235' title='bbox 259 2253 366 2312; x_wconf 59' lang='lat' dir='ltr'><strong>legunt,</strong></span> <span class='ocrx_word' id='word_1_236' title='bbox 399 2254 472 2305; x_wconf 86' lang='lat' dir='ltr'><strong>Nam</strong></span> <span class='ocrx_word' id='word_1_237' title='bbox 487 2266 610 2320; x_wconf 86' lang='lat' dir='ltr'><strong>receptus</strong></span> <span class='ocrx_word' id='word_1_238' title='bbox 624 2255 733 2321; x_wconf 87' lang='lat' dir='ltr'><strong>dicitur,</strong></span> <span class='ocrx_word' id='word_1_239' title='bbox 750 2270 804 2323; x_wconf 89' lang='lat' dir='ltr'><strong>quo</strong></span> <span class='ocrx_word' id='word_1_240' title='bbox 817 2272 846 2305; x_wconf 92' lang='lat' dir='ltr'><strong>se</strong></span> <span class='ocrx_word' id='word_1_241' title='bbox 859 2253 916 2305; x_wconf 90' lang='lat' dir='ltr'><strong>cito</strong></span> <span class='ocrx_word' id='word_1_242' title='bbox 928 2249 1008 2319; x_wconf 76' lang='lat' dir='ltr'><strong>(tuto)</strong></span> <span class='ocrx_word' id='word_1_243' title='bbox 1025 2273 1029 2300; x_wconf 65' lang='grc' dir='ltr'>ε</span> 
     </span>
     <span class='ocr_line' id='line_1_29' title="bbox 121 2309 1029 2390; baseline -0.001 -17"><span class='ocrx_word' id='word_1_244' title='bbox 121 2320 244 2388; x_wconf 75' lang='lat' dir='ltr'><strong>recipit]</strong></span> <span class='ocrx_word' id='word_1_245' title='bbox 280 2309 361 2377; x_wconf 78' lang='lat' dir='ltr'><strong>Unde</strong></span> <span class='ocrx_word' id='word_1_246' title='bbox 383 2328 412 2373; x_wconf 88' lang='lat' dir='ltr'><strong>et</strong></span> <span class='ocrx_word' id='word_1_247' title='bbox 434 2321 513 2388; x_wconf 81' lang='lat' dir='ltr'><strong>signa</strong></span> <span class='ocrx_word' id='word_1_248' title='bbox 538 2325 659 2390; x_wconf 87' lang='lat' dir='ltr'><strong>receptui</strong></span> <span class='ocrx_word' id='word_1_249' title='bbox 678 2340 777 2375; x_wconf 83' lang='lat' dir='ltr'><strong>canere</strong></span> <span class='ocrx_word' id='word_1_250' title='bbox 794 2322 931 2374; x_wconf 79' lang='lat' dir='ltr'><strong>dictmtur.</strong></span> <span class='ocrx_word' id='word_1_251' title='bbox 948 2345 983 2356; x_wconf 90' lang='lat'><strong>·-</strong></span> <span class='ocrx_word' id='word_1_252' title='bbox 1027 2363 1029 2372; x_wconf 77' lang='grc'><strong>.</strong></span> 
     </span>
     <span class='ocr_line' id='line_1_30' title="bbox 120 2387 1029 2461; baseline -0.01 -15"><span class='ocrx_word' id='word_1_253' title='bbox 120 2392 221 2446; x_wconf 76' lang='lat' dir='ltr'><strong>dextra</strong></span> <span class='ocrx_word' id='word_1_254' title='bbox 243 2398 312 2452; x_wconf 85' lang='lat' dir='ltr'><strong>etc..;</strong></span> <span class='ocrx_word' id='word_1_255' title='bbox 334 2387 389 2443; x_wconf 76' lang='lat' dir='ltr'><strong>sive</strong></span> <span class='ocrx_word' id='word_1_256' title='bbox 412 2405 463 2461; x_wconf 86' lang='lat' dir='ltr'><strong>per</strong></span> <span class='ocrx_word' id='word_1_257' title='bbox 481 2390 578 2458; x_wconf 80' lang='lat' dir='ltr'><strong>valles,</strong></span> <span class='ocrx_word' id='word_1_258' title='bbox 597 2390 651 2443; x_wconf 90' lang='lat' dir='ltr'><strong>sive</strong></span> <span class='ocrx_word' id='word_1_259' title='bbox 674 2390 843 2461; x_wconf 80' lang='lat' dir='ltr'><strong>permeatis</strong></span> <span class='ocrx_word' id='word_1_260' title='bbox 866 2387 982 2440; x_wconf 83' lang='lat' dir='ltr'><strong>radices.</strong></span> <span class='ocrx_word' id='word_1_261' title='bbox 1016 2389 1029 2437; x_wconf 96' lang='grc' dir='ltr'>Ι</span> 
     </span>
     <span class='ocr_line' id='line_1_31' title="bbox 119 2457 1017 2528; baseline -0.009 -15"><span class='ocrx_word' id='word_1_262' title='bbox 119 2467 161 2513; x_wconf 87' lang='lat' dir='ltr'><strong>est</strong></span> <span class='ocrx_word' id='word_1_263' title='bbox 184 2459 278 2527; x_wconf 75' lang='lat' dir='ltr'><strong>enim,</strong></span> <span class='ocrx_word' id='word_1_264' title='bbox 299 2473 355 2526; x_wconf 85' lang='lat' dir='ltr'><strong>qua</strong></span> <span class='ocrx_word' id='word_1_265' title='bbox 376 2457 410 2508; x_wconf 89' lang='lat' dir='ltr'><strong>sit</strong></span> <span class='ocrx_word' id='word_1_266' title='bbox 433 2465 561 2510; x_wconf 88' lang='lat' dir='ltr'><strong>venturus</strong></span> <span class='ocrx_word' id='word_1_267' title='bbox 584 2459 699 2513; x_wconf 87' lang='lat' dir='ltr'><strong>Aeneas.</strong></span> <span class='ocrx_word' id='word_1_268' title='bbox 734 2461 825 2528; x_wconf 85' lang='lat' dir='ltr'><strong>[Velis</strong></span> <span class='ocrx_word' id='word_1_269' title='bbox 848 2465 941 2508; x_wconf 76' lang='lat' dir='ltr'><strong>cirtem</strong></span> <span class='ocrx_word' id='word_1_270' title='bbox 963 2471 1017 2523; x_wconf 87' lang='lat' dir='ltr'><strong>pro</strong></span> 
     </span>
     <span class='ocr_line' id='line_1_32' title="bbox 120 2525 1029 2605; baseline -0.007 -26"><span class='ocrx_word' id='word_1_271' title='bbox 120 2528 193 2579; x_wconf 83' lang='lat' dir='ltr'><strong>velit.</strong></span> <span class='ocrx_word' id='word_1_272' title='bbox 211 2553 246 2566; x_wconf 88' lang='lat'><em>-</em></span> <span class='ocrx_word' id='word_1_273' title='bbox 270 2531 348 2605; x_wconf 56' lang='lat' dir='ltr'><strong>&#39;p529.</strong></span> <span class='ocrx_word' id='word_1_274' title='bbox 374 2526 485 2579; x_wconf 84' lang='lat' dir='ltr'><strong>Instare</strong></span> <span class='ocrx_word' id='word_1_275' title='bbox 509 2528 604 2592; x_wconf 79' lang='lat' dir='ltr'><strong>iugis3</strong></span> <span class='ocrx_word' id='word_1_276' title='bbox 630 2535 662 2578; x_wconf 84' lang='lat' dir='ltr'><strong>ut</strong></span> <span class='ocrx_word' id='word_1_277' title='bbox 685 2534 733 2595; x_wconf 82' lang='grc'><strong>(8,</strong></span> <span class='ocrx_word' id='word_1_278' title='bbox 750 2526 837 2589; x_wconf 79' lang='lat'>693·):</span> <span class='ocrx_word' id='word_1_279' title='bbox 864 2525 992 2576; x_wconf 83' lang='lat' dir='ltr'><strong>Turritis</strong></span> <span class='ocrx_word' id='word_1_280' title='bbox 1016 2543 1029 2591; x_wconf 74' lang='lat' dir='ltr'><strong>p</strong></span> 
     </span>
     <span class='ocr_line' id='line_1_33' title="bbox 121 2591 991 2663; baseline -0.005 -17"><span class='ocrx_word' id='word_1_281' title='bbox 121 2591 253 2661; x_wconf 75' lang='lat' dir='ltr'><strong>instant]</strong></span> <span class='ocrx_word' id='word_1_282' title='bbox 273 2606 308 2637; x_wconf 67' lang='lat'><strong>³·-</strong></span> <span class='ocrx_word' id='word_1_283' title='bbox 349 2600 411 2652; x_wconf 17' lang='lat' dir='ltr'><strong>test.</strong></span> <span class='ocrx_word' id='word_1_284' title='bbox 429 2596 613 2663; x_wconf 86' lang='lat' dir='ltr'><strong>Arripuitque</strong></span> <span class='ocrx_word' id='word_1_285' title='bbox 638 2597 747 2657; x_wconf 85' lang='lat' dir='ltr'><strong>locum;</strong></span> <span class='ocrx_word' id='word_1_286' title='bbox 768 2595 872 2663; x_wconf 85' lang='lat' dir='ltr'><strong>ruptim</strong></span> <span class='ocrx_word' id='word_1_287' title='bbox 893 2594 991 2644; x_wconf 85' lang='lat' dir='ltr'><strong>tenuit.</strong></span> 
     </span>
     <span class='ocr_line' id='line_1_34' title="bbox 139 2650 1019 2744; baseline -0.006 -29"><span class='ocrx_word' id='word_1_288' title='bbox 139 2663 241 2744; x_wconf 84' lang='lat' dir='ltr'><strong>roprie.</strong></span> <span class='ocrx_word' id='word_1_289' title='bbox 266 2650 351 2714; x_wconf 37' lang='lat' dir='ltr'><strong>*me</strong></span> <span class='ocrx_word' id='word_1_290' title='bbox 369 2664 492 2712; x_wconf 83' lang='lat' dir='ltr'><strong>insidere</strong></span> <span class='ocrx_word' id='word_1_291' title='bbox 517 2673 559 2714; x_wconf 88' lang='lat' dir='ltr'><strong>est</strong></span> <span class='ocrx_word' id='word_1_292' title='bbox 582 2663 675 2715; x_wconf 88' lang='lat' dir='ltr'><strong>dolose</strong></span> <span class='ocrx_word' id='word_1_293' title='bbox 700 2665 823 2731; x_wconf 82' lang='lat' dir='ltr'><strong>aliquem</strong></span> <span class='ocrx_word' id='word_1_294' title='bbox 846 2669 1019 2726; x_wconf 82' lang='lat' dir='ltr'><strong>exspectare,</strong></span> 
     </span>
     <span class='ocr_line' id='line_1_35' title="bbox 121 2728 1029 2798; baseline -0.009 -12"><span class='ocrx_word' id='word_1_295' title='bbox 121 2733 246 2788; x_wconf 78' lang='lat' dir='ltr'><strong>insidiae</strong></span> <span class='ocrx_word' id='word_1_296' title='bbox 263 2729 423 2785; x_wconf 86' lang='lat' dir='ltr'><strong>nominatae</strong></span> <span class='ocrx_word' id='word_1_297' title='bbox 440 2737 510 2783; x_wconf 83' lang='lat' dir='ltr'><strong>sunt.</strong></span> <span class='ocrx_word' id='word_1_298' title='bbox 539 2730 685 2798; x_wconf 58' lang='lat' dir='ltr'><strong>{intirim</strong></span> <span class='ocrx_word' id='word_1_299' title='bbox 708 2730 920 2798; x_wconf 86' lang='lat' dir='ltr'><strong>intelligendum</strong></span> <span class='ocrx_word' id='word_1_300' title='bbox 941 2728 1029 2793; x_wconf 86' lang='lat' dir='ltr'><strong>hosti,</strong></span> 
     </span>
     <span class='ocr_line' id='line_1_36' title="bbox 104 2797 1029 2870; baseline -0.005 -19"><span class='ocrx_word' id='word_1_301' title='bbox 104 2798 306 2870; x_wconf 71' lang='lat' dir='ltr'><strong>aequalibus]</strong></span> <span class='ocrx_word' id='word_1_302' title='bbox 329 2822 366 2840; x_wconf 74' lang='lat'><strong>····</strong></span> <span class='ocrx_word' id='word_1_303' title='bbox 407 2804 471 2857; x_wconf 73' lang='lat'><strong>532.</strong></span> <span class='ocrx_word' id='word_1_304' title='bbox 499 2797 624 2849; x_wconf 81' lang='lat' dir='ltr'><strong>Velocem</strong></span> <span class='ocrx_word' id='word_1_305' title='bbox 650 2803 773 2864; x_wconf 84' lang='lat' dir='ltr'><strong>interea;</strong></span> <span class='ocrx_word' id='word_1_306' title='bbox 803 2799 868 2851; x_wconf 88' lang='lat' dir='ltr'><strong>licet</strong></span> <span class='ocrx_word' id='word_1_307' title='bbox 894 2801 1000 2848; x_wconf 86' lang='lat' dir='ltr'><strong>interea</strong></span> <span class='ocrx_word' id='word_1_308' title='bbox 1026 2817 1029 2866; x_wconf 77' lang='lat' dir='ltr'><strong>j</strong></span> 
     </span>
     <span class='ocr_line' id='line_1_37' title="bbox 119 2860 1029 2936; baseline -0.005 -18"><span class='ocrx_word' id='word_1_309' title='bbox 119 2869 232 2936; x_wconf 76' lang='lat' dir='ltr'><strong>negotia</strong></span> <span class='ocrx_word' id='word_1_310' title='bbox 249 2883 359 2935; x_wconf 84' lang='lat' dir='ltr'><strong>semper</strong></span> <span class='ocrx_word' id='word_1_311' title='bbox 374 2867 536 2935; x_wconf 70' lang='lat' dir='ltr'><strong>„praeteritis</strong></span> <span class='ocrx_word' id='word_1_312' title='bbox 555 2869 648 2918; x_wconf 81' lang='lat' dir='ltr'><strong>futura</strong></span> <span class='ocrx_word' id='word_1_313' title='bbox 666 2870 829 2935; x_wconf 79' lang='lat' dir='ltr'><strong>coniungat:</strong></span> <span class='ocrx_word' id='word_1_314' title='bbox 847 2860 943 2918; x_wconf 79' lang='lat' dir='ltr'><strong>tamen</strong></span> <span class='ocrx_word' id='word_1_315' title='bbox 961 2866 1029 2918; x_wconf 79' lang='lat' dir='ltr'><strong>abiu</strong></span> 
     </span>
     <span class='ocr_line' id='line_1_38' title="bbox 120 2934 1029 3003; baseline -0.007 -14"><span class='ocrx_word' id='word_1_316' title='bbox 120 2939 240 2994; x_wconf 71' lang='lat' dir='ltr'><strong>auarus)</strong></span> <span class='ocrx_word' id='word_1_317' title='bbox 269 2944 310 2989; x_wconf 87' lang='lat' dir='ltr'><strong>est</strong></span> <span class='ocrx_word' id='word_1_318' title='bbox 325 2944 355 2988; x_wconf 88' lang='lat' dir='ltr'><strong>et</strong></span> <span class='ocrx_word' id='word_1_319' title='bbox 372 2935 563 3003; x_wconf 84' lang='lat' dir='ltr'><strong>vituperabilis</strong></span> <span class='ocrx_word' id='word_1_320' title='bbox 578 2935 716 2987; x_wconf 86' lang='lat' dir='ltr'><strong>transitus.</strong></span> <span class='ocrx_word' id='word_1_321' title='bbox 750 2937 841 2988; x_wconf 88' lang='lat' dir='ltr'><strong>Habet</strong></span> <span class='ocrx_word' id='word_1_322' title='bbox 864 2944 958 2987; x_wconf 81' lang='lat' dir='ltr'><strong>autem</strong></span> <span class='ocrx_word' id='word_1_323' title='bbox 976 2934 1029 2985; x_wconf 87' lang='lat' dir='ltr'><strong>talc</strong></span> 
     </span>
     <span class='ocr_line' id='line_1_39' title="bbox 120 3002 1029 3073; baseline -0.008 -16"><span class='ocrx_word' id='word_1_324' title='bbox 120 3012 167 3057; x_wconf 84' lang='lat' dir='ltr'><strong>tus</strong></span> <span class='ocrx_word' id='word_1_325' title='bbox 181 3011 210 3056; x_wconf 91' lang='lat' dir='ltr'><strong>et</strong></span> <span class='ocrx_word' id='word_1_326' title='bbox 225 3003 256 3058; x_wconf 84' lang='lat' dir='ltr'><strong>in</strong></span> <span class='ocrx_word' id='word_1_327' title='bbox 273 3004 459 3073; x_wconf 86' lang='lat' dir='ltr'><strong>superioribus</strong></span> <span class='ocrx_word' id='word_1_328' title='bbox 477 3002 573 3068; x_wconf 85' lang='lat' dir='ltr'><strong>libris,</strong></span> <span class='ocrx_word' id='word_1_329' title='bbox 587 3004 662 3054; x_wconf 86' lang='lat' dir='ltr'><strong>etin</strong></span> <span class='ocrx_word' id='word_1_330' title='bbox 678 3006 803 3072; x_wconf 80' lang='lat' dir='ltr'><strong>sequenti</strong></span> <span class='ocrx_word' id='word_1_331' title='bbox 821 3004 986 3073; x_wconf 86' lang='lat' dir='ltr'><strong>praecipue,</strong></span> <span class='ocrx_word' id='word_1_332' title='bbox 1002 3003 1029 3051; x_wconf 92' lang='lat' dir='ltr'><strong>ul</strong></span> 
     </span>
     <span class='ocr_line' id='line_1_40' title="bbox 120 3071 1027 3152; baseline -0.006 -28"><span class='ocrx_word' id='word_1_333' title='bbox 120 3081 168 3126; x_wconf 83' lang='lat' dir='ltr'><strong>ter</strong></span> <span class='ocrx_word' id='word_1_334' title='bbox 189 3071 310 3140; x_wconf 85' lang='lat' dir='ltr'><strong>appellat</strong></span> <span class='ocrx_word' id='word_1_335' title='bbox 333 3072 476 3125; x_wconf 87' lang='lat' dir='ltr'><strong>lunonem.</strong></span> <span class='ocrx_word' id='word_1_336' title='bbox 526 3072 626 3152; x_wconf 84' lang='lat' dir='ltr'><strong>Opim3</strong></span> <span class='ocrx_word' id='word_1_337' title='bbox 657 3076 732 3138; x_wconf 84' lang='lat' dir='ltr'><strong>apim</strong></span> <span class='ocrx_word' id='word_1_338' title='bbox 757 3089 821 3124; x_wconf 88' lang='lat' dir='ltr'><strong>cum</strong></span> <span class='ocrx_word' id='word_1_339' title='bbox 845 3073 977 3137; x_wconf 88' lang='lat' dir='ltr'><strong>dicimus,</strong></span> <span class='ocrx_word' id='word_1_340' title='bbox 1002 3071 1027 3119; x_wconf 91' lang='lat' dir='ltr'><strong>N</strong></span> 
     </span>
     <span class='ocr_line' id='line_1_41' title="bbox 120 3140 1029 3208; baseline -0.004 -15"><span class='ocrx_word' id='word_1_341' title='bbox 120 3140 324 3207; x_wconf 72' lang='lat' dir='ltr'><strong>significamust·</strong></span> <span class='ocrx_word' id='word_1_342' title='bbox 350 3140 375 3190; x_wconf 89' lang='lat' dir='ltr'><strong>si</strong></span> <span class='ocrx_word' id='word_1_343' title='bbox 405 3149 501 3192; x_wconf 86' lang='lat' dir='ltr'><strong>autem</strong></span> <span class='ocrx_word' id='word_1_344' title='bbox 532 3141 654 3193; x_wconf 83' lang='lat' dir='ltr'><strong>dicamus</strong></span> <span class='ocrx_word' id='word_1_345' title='bbox 686 3160 784 3208; x_wconf 87' lang='lat' dir='ltr'><strong>opem,</strong></span> <span class='ocrx_word' id='word_1_346' title='bbox 814 3141 945 3194; x_wconf 85' lang='lat' dir='ltr'><strong>auxilium</strong></span> <span class='ocrx_word' id='word_1_347' title='bbox 974 3140 1029 3191; x_wconf 86' lang='lat' dir='ltr'><strong>inte</strong></span> 
     </span>
     <span class='ocr_line' id='line_1_42' title="bbox 120 3206 1028 3277; baseline -0.002 -18"><span class='ocrx_word' id='word_1_348' title='bbox 120 3206 283 3263; x_wconf 74' lang='lat' dir='ltr'><strong>Terentius:</strong></span> <span class='ocrx_word' id='word_1_349' title='bbox 306 3206 378 3259; x_wconf 81' lang='lat' dir='ltr'><strong>Iuno</strong></span> <span class='ocrx_word' id='word_1_350' title='bbox 396 3207 509 3260; x_wconf 76' lang='lat' dir='ltr'><strong>Lucina</strong></span> <span class='ocrx_word' id='word_1_351' title='bbox 528 3209 578 3277; x_wconf 78' lang='lat' dir='ltr'><strong>fer</strong></span> <span class='ocrx_word' id='word_1_352' title='bbox 602 3226 695 3276; x_wconf 80' lang='lat' dir='ltr'><strong>opem,</strong></span> <span class='ocrx_word' id='word_1_353' title='bbox 720 3212 811 3277; x_wconf 76' lang='lat' dir='ltr'><strong>[seron</strong></span> <span class='ocrx_word' id='word_1_354' title='bbox 835 3227 890 3275; x_wconf 85' lang='lat' dir='ltr'><strong>me,</strong></span> <span class='ocrx_word' id='word_1_355' title='bbox 916 3209 1028 3260; x_wconf 81' lang='lat' dir='ltr'><strong>obsecro</strong></span> 
     </span>
     <span class='ocr_line' id='line_1_43' title="bbox 122 3275 1029 3348; baseline -0.003 -20"><span class='ocrx_word' id='word_1_356' title='bbox 122 3291 189 3332; x_wconf 83' lang='lat' dir='ltr'><strong>uero</strong></span> <span class='ocrx_word' id='word_1_357' title='bbox 210 3289 331 3328; x_wconf 84' lang='lat' dir='ltr'><strong>numero</strong></span> <span class='ocrx_word' id='word_1_358' title='bbox 351 3275 466 3344; x_wconf 83' lang='lat' dir='ltr'><strong>plurali,</strong></span> <span class='ocrx_word' id='word_1_359' title='bbox 491 3293 588 3330; x_wconf 86' lang='lat' dir='ltr'><strong>census</strong></span> <span class='ocrx_word' id='word_1_360' title='bbox 611 3277 769 3348; x_wconf 85' lang='lat' dir='ltr'><strong>accipimus.</strong></span> <span class='ocrx_word' id='word_1_361' title='bbox 802 3278 876 3330; x_wconf 83' lang='lat' dir='ltr'><strong>Nam</strong></span> <span class='ocrx_word' id='word_1_362' title='bbox 902 3277 978 3343; x_wconf 86' lang='lat' dir='ltr'><strong>Ops,</strong></span> <span class='ocrx_word' id='word_1_363' title='bbox 1002 3277 1029 3325; x_wconf 64' lang='lat' dir='ltr'><strong>T&lt;</strong></span> 
     </span>
     <span class='ocr_line' id='line_1_44' title="bbox 122 3341 1029 3421; baseline -0.003 -24"><span class='ocrx_word' id='word_1_364' title='bbox 122 3360 194 3398; x_wconf 83' lang='lat' dir='ltr'><strong>uxor</strong></span> <span class='ocrx_word' id='word_1_365' title='bbox 209 3341 337 3421; x_wconf 64' lang='lat' dir='ltr'><strong>Saturni,</strong></span> <span class='ocrx_word' id='word_1_366' title='bbox 357 3357 443 3409; x_wconf 86' lang='lat' dir='ltr'><strong>quam</strong></span> <span class='ocrx_word' id='word_1_367' title='bbox 467 3345 569 3417; x_wconf 82' lang='lat' dir='ltr'><strong>Graeci</strong></span> <span class='ocrx_word' id='word_1_368' title='bbox 592 3345 705 3400; x_wconf 83' lang='lat' dir='ltr'><strong>Rheam</strong></span> <span class='ocrx_word' id='word_1_369' title='bbox 729 3354 834 3398; x_wconf 84' lang='lat' dir='ltr'><strong>vocant.</strong></span> <span class='ocrx_word' id='word_1_370' title='bbox 868 3343 956 3414; x_wconf 85' lang='lat' dir='ltr'><strong>[Saue</strong></span> <span class='ocrx_word' id='word_1_371' title='bbox 979 3345 1029 3397; x_wconf 87' lang='lat' dir='ltr'><strong>hoc</strong></span> 
     </span>
     <span class='ocr_line' id='line_1_45' title="bbox 122 3410 1029 3535; baseline 0 -73"><span class='ocrx_word' id='word_1_372' title='bbox 122 3412 208 3535; x_wconf 55' lang='lat' dir='ltr'><strong>ffim</strong></span> <span class='ocrx_word' id='word_1_373' title='bbox 224 3410 333 3462; x_wconf 73' lang='lat' dir='ltr'><strong>Qanae</strong></span> <span class='ocrx_word' id='word_1_374' title='bbox 354 3411 438 3463; x_wconf 86' lang='lat' dir='ltr'><strong>fuisse</strong></span> <span class='ocrx_word' id='word_1_375' title='bbox 461 3413 499 3465; x_wconf 31' lang='lat' dir='ltr'><strong>ab,</strong></span> <span class='ocrx_word' id='word_1_376' title='bbox 522 3414 648 3484; x_wconf 88' lang='lat' dir='ltr'><strong>Ephesiis</strong></span> <span class='ocrx_word' id='word_1_377' title='bbox 673 3416 797 3468; x_wconf 84' lang='lat' dir='ltr'><strong>dedicato</strong></span> <span class='ocrx_word' id='word_1_378' title='bbox 821 3415 924 3483; x_wconf 89' lang='lat' dir='ltr'><strong>templo</strong></span> <span class='ocrx_word' id='word_1_379' title='bbox 950 3413 975 3464; x_wconf 91' lang='lat' dir='ltr'><strong>ei</strong></span> <span class='ocrx_word' id='word_1_380' title='bbox 1000 3413 1029 3462; x_wconf 89' lang='lat' dir='ltr'><strong>in</strong></span> 
     </span>
     <span class='ocr_line' id='line_1_46' title="bbox 159 3477 1029 3552; baseline 0.001 -20"><span class='ocrx_word' id='word_1_381' title='bbox 159 3479 279 3532; x_wconf 80' lang='lat' dir='ltr'><strong>exander</strong></span> <span class='ocrx_word' id='word_1_382' title='bbox 293 3477 402 3530; x_wconf 79' lang='lat' dir='ltr'><strong>Aetolus</strong></span> <span class='ocrx_word' id='word_1_383' title='bbox 425 3481 507 3548; x_wconf 87' lang='lat' dir='ltr'><strong>po&#39;e&#39;ta</strong></span> <span class='ocrx_word' id='word_1_384' title='bbox 529 3481 560 3532; x_wconf 87' lang='lat' dir='ltr'><strong>in</strong></span> <span class='ocrx_word' id='word_1_385' title='bbox 582 3481 656 3533; x_wconf 83' lang='lat' dir='ltr'><strong>libro.</strong></span> <span class='ocrx_word' id='word_1_386' title='bbox 678 3484 726 3552; x_wconf 87' lang='lat' dir='ltr'><strong>qui</strong></span> <span class='ocrx_word' id='word_1_387' title='bbox 749 3483 908 3535; x_wconf 86' lang='lat' dir='ltr'><strong>inscribitur</strong></span> <span class='ocrx_word' id='word_1_388' title='bbox 931 3481 1029 3534; x_wconf 90' lang='lat' dir='ltr'><strong>Musae</strong></span> 
     </span>
     <span class='ocr_line' id='line_1_47' title="bbox 108 3545 1029 3623; baseline 0.001 -26"><span class='ocrx_word' id='word_1_389' title='bbox 108 3547 200 3623; x_wconf 55' lang='lat' dir='ltr'><strong>,qdod</strong></span> <span class='ocrx_word' id='word_1_390' title='bbox 222 3547 277 3599; x_wconf 88' lang='lat' dir='ltr'><strong>hoc</strong></span> <span class='ocrx_word' id='word_1_391' title='bbox 302 3545 367 3598; x_wconf 88' lang='lat' dir='ltr'><strong>loco</strong></span> <span class='ocrx_word' id='word_1_392' title='bbox 389 3547 571 3615; x_wconf 75' lang='lat' dir='ltr'><strong>peritissimus</strong></span> <span class='ocrx_word' id='word_1_393' title='bbox 594 3552 764 3618; x_wconf 84' lang='lat' dir='ltr'><strong>antiquitatis</strong></span> <span class='ocrx_word' id='word_1_394' title='bbox 789 3557 870 3619; x_wconf 75' lang='lat' dir='ltr'><strong>podta</strong></span> <span class='ocrx_word' id='word_1_395' title='bbox 887 3550 978 3601; x_wconf 90' lang='lat' dir='ltr'><strong>sociae</strong></span> <span class='ocrx_word' id='word_1_396' title='bbox 998 3550 1029 3600; x_wconf 74' lang='lat' dir='ltr'><strong>eii</strong></span> 
     </span>
     <span class='ocr_line' id='line_1_48' title="bbox 123 3613 1029 3686; baseline 0.003 -20"><span class='ocrx_word' id='word_1_397' title='bbox 123 3614 195 3670; x_wconf 71' lang='lat' dir='ltr'><strong>tuit:</strong></span> <span class='ocrx_word' id='word_1_398' title='bbox 216 3615 330 3685; x_wconf 70' lang='lat' dir='ltr'><strong>quidemr</strong></span> <span class='ocrx_word' id='word_1_399' title='bbox 348 3613 442 3665; x_wconf 86' lang='lat' dir='ltr'><strong>dicunt</strong></span> <span class='ocrx_word' id='word_1_400' title='bbox 459 3614 617 3685; x_wconf 80' lang='lat' dir='ltr'><strong>Opimeticu</strong></span> <span class='ocrx_word' id='word_1_401' title='bbox 640 3636 723 3686; x_wconf 83' lang='lat' dir='ltr'><strong>ergea</strong></span> <span class='ocrx_word' id='word_1_402' title='bbox 748 3619 844 3686; x_wconf 83' lang='lat' dir='ltr'><strong>(Opim</strong></span> <span class='ocrx_word' id='word_1_403' title='bbox 869 3627 897 3669; x_wconf 88' lang='lat' dir='ltr'><strong>et</strong></span> <span class='ocrx_word' id='word_1_404' title='bbox 913 3619 1029 3683; x_wconf 65' lang='lat' dir='ltr'><strong>Hecaert</strong></span> 
     </span>
     <span class='ocr_line' id='line_1_49' title="bbox 123 3683 1029 3757; baseline -0.002 -21"><span class='ocrx_word' id='word_1_405' title='bbox 123 3688 185 3737; x_wconf 77' lang='lat' dir='ltr'><strong>m&#39;oa</strong></span> <span class='ocrx_word' id='word_1_406' title='bbox 208 3699 242 3736; x_wconf 79' lang='lat' dir='ltr'><strong>ex</strong></span> <span class='ocrx_word' id='word_1_407' title='bbox 265 3683 451 3757; x_wconf 80' lang='lat' dir='ltr'><strong>Hyperboreis</strong></span> <span class='ocrx_word' id='word_1_408' title='bbox 473 3699 551 3735; x_wconf 86' lang='lat' dir='ltr'><strong>sacra</strong></span> <span class='ocrx_word' id='word_1_409' title='bbox 574 3685 605 3737; x_wconf 86' lang='lat' dir='ltr'><strong>iu</strong></span> <span class='ocrx_word' id='word_1_410' title='bbox 622 3687 742 3741; x_wconf 83' lang='lat' dir='ltr'><strong>Insulam</strong></span> <span class='ocrx_word' id='word_1_411' title='bbox 759 3688 839 3740; x_wconf 87' lang='lat' dir='ltr'><strong>Delbi</strong></span> <span class='ocrx_word' id='word_1_412' title='bbox 858 3686 949 3752; x_wconf 83' lang='lat' dir='ltr'><strong>(Deli).</strong></span> <span class='ocrx_word' id='word_1_413' title='bbox 972 3701 1029 3735; x_wconf 80' lang='lat' dir='ltr'><strong>occi</strong></span> 
     </span>
     <span class='ocr_line' id='line_1_50' title="bbox 88 3749 1029 3828; baseline -0.002 -21"><span class='ocrx_word' id='word_1_414' title='bbox 88 3808 90 3813; x_wconf 78' lang='grc'>,</span> <span class='ocrx_word' id='word_1_415' title='bbox 123 3749 247 3807; x_wconf 75' lang='lat' dir='ltr'><strong>fascibus</strong></span> <span class='ocrx_word' id='word_1_416' title='bbox 254 3751 407 3819; x_wconf 80' lang='lat' dir='ltr'><strong>mergitum</strong></span> <span class='ocrx_word' id='word_1_417' title='bbox 419 3751 433 3783; x_wconf 81' lang='grc'><strong><em>*</em></strong></span> <span class='ocrx_word' id='word_1_418' title='bbox 445 3752 595 3819; x_wconf 83' lang='lat' dir='ltr'><strong>pertulisse.</strong></span> <span class='ocrx_word' id='word_1_419' title='bbox 629 3755 683 3805; x_wconf 87' lang='lat' dir='ltr'><strong>Alii</strong></span> <span class='ocrx_word' id='word_1_420' title='bbox 695 3764 793 3825; x_wconf 88' lang='lat' dir='ltr'><strong>putant</strong></span> <span class='ocrx_word' id='word_1_421' title='bbox 808 3755 970 3828; x_wconf 76' lang='lat' dir='ltr'><strong>Opimeteca</strong></span> <span class='ocrx_word' id='word_1_422' title='bbox 984 3770 1029 3823; x_wconf 71' lang='lat' dir='ltr'><strong>erg</strong></span> 
     </span>
     <span class='ocr_line' id='line_1_51' title="bbox 125 3818 1028 3888; baseline 0.002 -16"><span class='ocrx_word' id='word_1_423' title='bbox 125 3825 157 3872; x_wconf 77' lang='lat' dir='ltr'><strong>et</strong></span> <span class='ocrx_word' id='word_1_424' title='bbox 169 3819 346 3886; x_wconf 71' lang='lat' dir='ltr'><strong>Hecaergon).</strong></span> <span class='ocrx_word' id='word_1_425' title='bbox 365 3818 515 3872; x_wconf 85' lang='lat' dir='ltr'><strong>nutritores</strong></span> <span class='ocrx_word' id='word_1_426' title='bbox 531 3818 661 3888; x_wconf 85' lang='lat' dir='ltr'><strong>Apollinis</strong></span> <span class='ocrx_word' id='word_1_427' title='bbox 685 3832 713 3875; x_wconf 80' lang='lat' dir='ltr'><strong>et</strong></span> <span class='ocrx_word' id='word_1_428' title='bbox 729 3824 836 3877; x_wconf 86' lang='lat' dir='ltr'><strong>Dianae</strong></span> <span class='ocrx_word' id='word_1_429' title='bbox 858 3822 955 3887; x_wconf 83' lang='lat' dir='ltr'><strong>fuisse,</strong></span> <span class='ocrx_word' id='word_1_430' title='bbox 977 3822 1028 3874; x_wconf 90' lang='lat' dir='ltr'><strong>hin</strong></span> 
     </span>
     <span class='ocr_line' id='line_1_52' title="bbox 126 3885 1029 3959; baseline 0.001 -21"><span class='ocrx_word' id='word_1_431' title='bbox 126 3885 213 3954; x_wconf 81' lang='lat' dir='ltr'><strong>Opim</strong></span> <span class='ocrx_word' id='word_1_432' title='bbox 242 3887 332 3956; x_wconf 77' lang='lat' dir='ltr'><strong>ipsam</strong></span> <span class='ocrx_word' id='word_1_433' title='bbox 353 3886 474 3940; x_wconf 83' lang='lat' dir='ltr'><strong>Dianam</strong></span> <span class='ocrx_word' id='word_1_434' title='bbox 497 3888 736 3956; x_wconf 78' lang='lat' dir='ltr'><strong>cognominatam,</strong></span> <span class='ocrx_word' id='word_1_435' title='bbox 766 3892 840 3959; x_wconf 87' lang='lat' dir='ltr'><strong>quod</strong></span> <span class='ocrx_word' id='word_1_436' title='bbox 871 3890 1029 3956; x_wconf 84' lang='lat' dir='ltr'><strong>supradict</strong></span> 
     </span>
     <span class='ocr_line' id='line_1_53' title="bbox 123 3953 1011 4033; baseline -0.001 -24"><span class='ocrx_word' id='word_1_437' title='bbox 123 3953 279 4033; x_wconf 73' lang='lat' dir='ltr'><strong>Apollinem</strong></span> <span class='ocrx_word' id='word_1_438' title='bbox 296 3971 362 4008; x_wconf 77' lang='lat' dir='ltr'><strong>vcro</strong></span> <span class='ocrx_word' id='word_1_439' title='bbox 377 3955 548 4029; x_wconf 73' lang='lat' dir='ltr'><strong>hecaergm,</strong></span> <span class='ocrx_word' id='word_1_440' title='bbox 572 3955 615 4006; x_wconf 87' lang='lat' dir='ltr'><strong>vel</strong></span> <span class='ocrx_word' id='word_1_441' title='bbox 632 3960 705 4025; x_wconf 75' lang='lat' dir='ltr'><strong>qriod</strong></span> <span class='ocrx_word' id='word_1_442' title='bbox 721 3960 806 4024; x_wconf 69' lang='lat' dir='ltr'><strong>luna,</strong></span> <span class='ocrx_word' id='word_1_443' title='bbox 818 3976 888 4029; x_wconf 87' lang='lat' dir='ltr'><strong>quae</strong></span> <span class='ocrx_word' id='word_1_444' title='bbox 905 3959 1011 4022; x_wconf 84' lang='lat' dir='ltr'><strong>Diana,</strong></span> 
     </span>
     <span class='ocr_line' id='line_1_54' title="bbox 49 4022 1029 4098; baseline 0.001 -21"><span class='ocrx_word' id='word_1_445' title='bbox 49 4082 51 4088; x_wconf 63' lang='grc'>,</span> <span class='ocrx_word' id='word_1_446' title='bbox 123 4029 207 4078; x_wconf 76' lang='lat' dir='ltr'><strong>terras</strong></span> <span class='ocrx_word' id='word_1_447' title='bbox 229 4022 311 4080; x_wconf 84' lang='lat' dir='ltr'><strong>lacile</strong></span> <span class='ocrx_word' id='word_1_448' title='bbox 335 4024 486 4098; x_wconf 84' lang='lat' dir='ltr'><strong>conspiciat</strong></span> <span class='ocrx_word' id='word_1_449' title='bbox 502 4025 517 4056; x_wconf 79' lang='grc'><strong><em>*</em></strong></span> <span class='ocrx_word' id='word_1_450' title='bbox 533 4025 667 4097; x_wconf 78' lang='lat' dir='ltr'><strong>quoidam</strong></span> <span class='ocrx_word' id='word_1_451' title='bbox 690 4035 749 4083; x_wconf 82' lang='lat' dir='ltr'><strong>rata</strong></span> <span class='ocrx_word' id='word_1_452' title='bbox 765 4027 806 4082; x_wconf 73' lang='lat' dir='ltr'><strong>*i</strong></span> <span class='ocrx_word' id='word_1_453' title='bbox 829 4027 916 4083; x_wconf 77' lang='lat' dir='ltr'><strong>vocali</strong></span> <span class='ocrx_word' id='word_1_454' title='bbox 940 4041 1029 4095; x_wconf 67' lang='lat' dir='ltr'><strong>acaci-g</strong></span> 
     </span>
     <span class='ocr_line' id='line_1_55' title="bbox 196 4112 202 4133; baseline 0 0"><span class='ocrx_word' id='word_1_455' title='bbox 196 4112 202 4133; x_wconf 87' lang='grc' dir='ltr'><strong><em>Ι</em></strong></span> 
     </span>
    </p>
   </div>
   <div class='ocr_carea' id='block_1_3' title="bbox 486 4248 492 4275">
    <p class='ocr_par' dir='ltr' id='par_1_3' title="bbox 486 4248 492 4275">
     <span class='ocr_line' id='line_1_56' title="bbox 486 4248 492 4275; baseline 0 0"><span class='ocrx_word' id='word_1_456' title='bbox 486 4248 492 4275; x_wconf 91' lang='grc' dir='ltr'><em>Ι</em></span> 
     </span>
    </p>
   </div>
   <div class='ocr_carea' id='block_1_4' title="bbox 0 0 1158 4514">
    <p class='ocr_par' dir='ltr' id='par_1_4' title="bbox 0 0 1158 4514">
     <span class='ocr_line' id='line_1_57' title="bbox 0 0 1158 4514; baseline 0 0"><span class='ocrx_word' id='word_1_457' title='bbox 0 0 1158 4514; x_wconf 95' lang='lat' dir='ltr'><strong> </strong></span> 
     </span>
    </p>
   </div>
  </div>
 </body>
</html>
