2424 4506
273 292 309 335 ns
331 258 728 354 vmcu.onouc.1.
750 280 902 348 57-63·
1037 283 1107 351 183·

70 454 129 523 dit]
163 455 272 510 Molles
288 476 342 511 suo
359 472 424 511 tura
442 458 556 525 Sobasi5
579 459 677 515 Sabsoi
701 463 794 531 populi
816 471 879 515 sunt
900 463 975 515 iustu
991 460 1096 532 Syriam

71 530 100 579 tt
113 526 265 605 Arabiam:
289 527 356 580 dicti
371 528 471 582 &brai
488 525 541 583 ind
558 529 609 583 roi
624 535 767 601 σέβεσθαι,
792 532 866 601 quod
889 532 962 600 apud
986 547 1031 585 eos
1053 539 1097 583 tus

69 600 211 663 ‚mom
233 612 289 667 quo
305 598 370 650 deos
394 598 540 666 placamus.
575 600 676 652 Molles
693 609 787 653 autern
810 600 872 654 ideo
890 602 942 665 ait,
964 600 1007 653 vel
1022 600 1096 667 quod

73 660 122 713 ab
146 666 214 717 aire
236 665 414 720 clementiore
430 677 500 720 sunt.
533 668 605 720 Nam
628 677 658 720 ut
674 671 713 723 ait
728 670 870 722 Lucanus:
896 668 1041 736 Quidquid
1059 670 1096 719 nd

68 728 147 805 'hos
162 745 274 786 tructus
292 738 443 805 mundique
461 751 577 804 teporem
594 735 730 803 Labitur,
747 739 852 789 emollit
867 752 961 807 gentes
980 738 1094 788 clemen-

75 800 116 849 ῆι
139 802 228 866 cosli‚·
255 812 303 855 aut
326 814 401 858 certe
425 806 489 874 quia
512 806 663 858 Alexander
685 808 801 858 Macedo
824 807 923 859 dicitur
947 807 1111 857 obscoenos.
1156 826 1159 831 ⁸

77 878 169 949 tpues
180 870 217 921 de
230 872 349 925 exercitu
363 890 411 924 suo
425 881 581 942 segregatos
596 873 651 929 illic
668 876 827 928 condidisse.
860 874 930 929 Sane
948 889 993 925 tus
1012 873 1093 925 niodo

68 944 132 989 'sne
154 939 321 1004 aspiratione
343 942 473 993 dicimus:
501 959 566 993 nom
590 944 695 1011 antiqui
719 944 784 995 thus
808 943 936 996 dicebant
960 938 1014 995 α’πὸ
1038 938 1093 994 sris

72 1002 161 1071 θεῶν,
184 1007 258 1075 quod
281 1010 432 1079 displicuit:
458 1025 522 1063 turo
546 1013 622 1063 enirn
645 1030 662 1063 a
685 1012 824 1064 tundendo
841 1013 914 1065 dicta
931 1010 988 1065 ess'e
1006 1012 1093 1064 volue-

77 1082 153 1140 runt,
172 1076 299 1145 [glebis
321 1081 421 1130 tunsis:
450 1096 514 1131 cum
538 1082 635 1148 quibus
658 1081 756 1132 dicitur
779 1080 868 1132 fluens
892 1082 927 1133 de
948 1081 1093 1132 arboribus

78 1142 232 1197 molescere.
266 1146 334 1214 [Alii
357 1145 474 1199 Sabaeos
497 1148 624 1200 Arabas.
641 1185 673 1200 ..
696 1148 728 1200 cl.
753 1165 820 1199 onos
842 1151 1037 1218 Aegyptiorum
1062 1164 1092 1200 er

78 1212 235 1265 effeminatis
251 1214 378 1266 collectos
395 1216 431 1268 ab
450 1255 555 1269 .....
572 1219 606 1269 de
619 1218 719 1269 Arabia
734 1218 798 1269 illuc
814 1217 956 1280 deductos;
974 1218 1015 1269 vel
1031 1218 1093 1268 ideo

68 1280 181 1345 ¹·rsoiiss,
204 1284 279 1350 quod
296 1284 433 1336 temineos
449 1286 535 1339 cultus
552 1298 690 1354 vestesque
708 1284 825 1354 gerunt]
844 1310 874 1322 -
910 1295 953 1345 58.
970 1288 1003 1336 At
1022 1287 1092 1336 Ciro-

79 1348 148 1425 lybss
171 1352 243 1401 nudi
261 1351 391 1419 farrum5
415 1354 585 1423 [subauditur
609 1356 710 1423 ubique
729 1358 849 1405 mittunt.
883 1354 1030 1423 Chalybes]
1046 1370 1093 1425 po·

68 1424 75 1435 ·
121 1418 128 1429 “
149 1427 227 1483 sunt,
255 1422 330 1488 apud
354 1437 421 1489 qnos
451 1424 571 1474 nascitur
600 1426 714 1474 ferrum.
763 1425 840 1475 Unde
863 1423 972 1475 abusive
995 1424 1094 1474 dicitur

148 1488 192 1539 bs.
216 1488 276 1556 ipsa
290 1491 436 1549 materies:
459 1499 490 1541 ut
512 1494 551 1559 (A.
568 1498 601 1555 8,
618 1493 705 1553 4453:
734 1491 945 1558 Vulnifiousqus
970 1491 1093 1559 chalybs.

76 1552 118 1605 tiu
139 1558 155 1607 i·
172 1564 282 1622 antem,
307 1566 355 1609 out
378 1559 451 1627 apud
474 1575 541 1627 quos
564 1562 676 1612 arbores
699 1576 755 1611 non
778 1568 854 1611 sunt:
878 1570 925 1611 out
942 1578 1003 1613 vere
1020 1559 1096 1624 nudi,

75 1630 182 1693 proptu
208 1626 276 1677 ferri
298 1627 431 1680 caedendi
453 1628 631 1695 (oudendi2)
655 1630 783 1680 studium.
823 1628 896 1680 Nam
917 1628 943 1680 le
965 1632 1034 1679 ‘mus
1058 1634 1094 1692 (ὅ,

73 1694 156 1757 ml:
185 1692 358 1763 Brontesque
386 1696 564 1764 Steropesque
594 1710 619 1749 st
649 1699 744 1748 nudus
778 1699 898 1748 membro
947 1713 1093 1764 yrocmon.

79 1758 227 1830 Virosapus
248 1777 353 1830 pontus
376 1778 521 1828 castoreu‚·
542 1766 622 1831 libri,
644 1783 724 1818 canes
746 1773 810 1816 sunt
832 1765 952 1817 Pontici:
975 1780 1094 1833 quorum

75 1834 149 1883 bias
172 1831 231 1902 apti
254 1841 318 1885 sunt
339 1834 583 1896 medicaminibus3
606 1844 719 1905 propter
742 1850 809 1903 quos
832 1833 880 1885 ubi
904 1850 934 1885 se
950 1840 1094 1885 senserunt

74 1899 188 1967 muniri,
204 1916 251 1951 eos
268 1900 368 1954 secant.
391 1902 444 1973 'De
461 1904 503 1953 his
521 1903 619 1954 Cicero
636 1919 687 1970 pro
705 1903 821 1955 Scauro:
844 1902 997 1954 Redimens
1014 1918 1042 1951 ss
1059 1917 1092 1951 sn

74 1980 144 2035 parte
160 1971 289 2037 corporis
305 1983 416 2038 propter
434 1988 517 2039 quom
543 1975 663 2023 maxims
681 1984 852 2039 expetuntur.
887 1969 1017 2023 luvenalis
1040 1976 1094 2034 (12,

74 2034 212 2105 3⁴.):lQui
229 2056 258 2089 se
276 2044 435 2090 eunuchum
453 2044 512 2108 ipse
523 2040 608 2108 facit,
625 2045 741 2108 cupiens
758 2042 871 2092 evadare
889 2042 990 2090 domno
1004 2037 1093 2087 Testi-

77 2106 144 2169 tuli,¹
168 2115 290 2161 castores
306 2118 400 2159 autem
417 2128 434 2161 a
450 2110 593 2160 castrando
617 2112 681 2161 dicti
698 2116 768 2160 sunt.
807 2109 906 2160 Viroso
931 2116 1023 2160 autern
1047 2112 1095 2158 aut
1122 2130 1126 2135 ·

68 2172 156 2239 imis,
172 2184 222 2229 aut
237 2186 315 2229 certe
330 2186 471 2230 venenata.
505 2178 577 2228 Nam
593 2178 656 2230 licet
672 2179 727 2230 sint
743 2178 837 2229 multis
850 2177 983 2241 remedio,
998 2185 1094 2227 tamen

103 2252 252 2313 regnatas
267 2261 367 2298 eorum
384 2247 468 2299 odore
481 2246 614 2297 abiiciunt
626 2254 653 2298 et
667 2254 783 2315 egerunt
796 2255 915 2314 partum.
948 2246 985 2295 Et
997 2246 1093 2295 viroso

74 2310 139 2365 '‘la
155 2312 194 2364 ab
210 2328 245 2367 ao
262 2315 336 2383 quod
358 2322 399 2367 est
414 2315 494 2367 virus.
528 2314 580 2365 alii
597 2315 693 2383 fortio
717 2316 869 2383 accipiunt,
892 2334 909 2368 a
933 2314 1043 2365 viribus.
1059 2336 1094 2349 -·

76 2382 112 2449 w.
126 2380 388 2451 Eliadum-palmas
404 2384 505 2450 Epiros
524 2400 673 2450 equorum
697 2384 839 2455 hypallage
856 2392 911 2434 est:
934 2399 1000 2433 nom
1024 2382 1093 2432 haec

77 2446 147 2499 ticin
173 2450 274 2519 Epiros
297 2463 375 2504 creat
398 2471 413 2504 e
434 2470 481 2503 uas
505 2454 637 2520 optimas,
666 2470 737 2521 quaa
761 2451 834 2521 apud
856 2450 964 2503 Elidem
989 2452 1094 2519 palmas
1120 2470 1122 2474 ·

79 2526 211 2571 notentur
243 2520 272 2571 in
303 2521 371 2571 Iovis
395 2471 532 2590 Olympici
563 2522 651 2571 curuli
683 2520 845 2573 certamine.
890 2518 961 2571 Sane
991 2520 1093 2585 Epiros

79 2582 175 2640 Graece
191 2589 346 2659 profertur:
368 2591 440 2641 unde
458 2593 542 2642 etiarn
560 2608 574 2642 e
590 2590 676 2641 habet
698 2597 850 2641 accentum.
884 2588 956 2640 Num
979 2588 1002 2638 si
1019 2587 1094 2638 Lati·
1174 2636 1177 2641 .

72 2656 136 2705 'nm
151 2666 237 2718 esset,
254 2656 374 2725 Epirus,
390 2658 516 2726 [Epiri,]
539 2658 572 2708 Pi
588 2658 705 2711 haberet
721 2655 904 2726 [accentum]‚
930 2656 994 2724 quia
1009 2656 1093 2723 longa

82 2732 119 2775 tit.
148 2724 206 2777 Nec
223 2726 333 2778 mireris
350 2743 432 2794 equas
448 2743 568 2779 currere.
602 2728 690 2792 Nam,
713 2735 744 2777 ut
760 2727 827 2777 dicit
843 2726 945 2775 Plinius
964 2729 1008 2790 (8,
1024 2724 1093 2784 42.):

87 2788 227 2845 Vsiooiorss
245 2808 312 2845 sunt
336 2796 413 2861 ideo,
436 2797 510 2860 quod
535 2798 566 2846 in
592 2812 677 2846 cursu
704 2798 818 2846 urinam
836 2794 962 2862 faciunt.
981 2823 1012 2832 -
1048 2798 1091 2848 60-

85 2856 209 2921 liortinuo
232 2863 286 2915 bos
309 2866 399 2930 leges3
425 2866 527 2932 iugiter
552 2863 599 2929 (in
616 2864 804 2927 continuum),
824 2863 854 2912 in
877 2870 1036 2921 ueternum,
1059 2857 1094 2910 ad

75 2940 243 3001 ¹perpetuum:
261 2933 331 2983 sicut
346 2935 487 3001 sequentia
504 2933 633 2982 indicant.
668 2933 741 2981 Nam
753 2932 875 2983 diutinus
891 2939 943 2980 est·
961 2931 1094 2980 Aeternu-

85 3010 126 3065 pse
138 2999 248 3053 foedera
265 3001 420 3052 usundi-
454 3006 496 3059 62.
516 3001 677 3051 Deucalion
684 3023 694 3064 ,·
717 3001 773 3051 iarn
791 2999 889 3050 transit
905 2999 939 3049 ed
956 2997 1093 3049 fabulum:

68 3122 72 3133 Ι
89 3069 217 3137 atpoitice
235 3069 314 3122 dicit:
338 3072 467 3121 Istatnm
487 3071 609 3136 primum
627 3077 742 3132 statuto,
759 3085 830 3136 quae
847 3067 883 3119 ab
899 3067 979 3117 initio
997 3067 1094 3117 mundi

84 3134 174 3201 ,orosi
187 3138 328 3199 luisse.‚.—
362 3146 405 3197 63.
425 3138 502 3188 Unde
519 3138 647 3207 bominss
666 3141 728 3188 nnts'
745 3139 848 3188 durum
866 3153 971 3205 ganns5
989 3136 1095 3205 expres·

68 3322 79 3343 r
110 3300 135 3352 58)
161 3308 184 3345 Cr.
198 3308 297 3358 Chalybes
316 3321 363 3357 gens
383 3309 405 3346 in
423 3310 500 3352 Ponto,
520 3307 621 3346 inventrix
641 3306 699 3351 ferri,
720 3306 768 3345 dicti
788 3320 800 3344 ι
815 3306 914 3356 Calybeo,
934 3307 1029 3343 Euhoeso
1043 3302 1094 3349 vico,

152 3364 197 3413 quia
215 3365 248 3402 lsic
262 3365 334 3403 Coloni
354 3373 407 3403 suut.
434 3365 513 3403 Dciulc
532 3365 597 3403 idom:
618 3368 708 3404 Castores
729 3365 822 3401 dicuutur
835 3363 939 3400 silvestres
954 3376 1025 3407 cruca,
1045 3374 1094 3411 quos

152 3420 223 3459 latino
242 3421 314 3460 Fibros
340 3422 398 3468 (cod.
417 3423 443 3459 L.
464 3421 547 3468 Frr'brr')
567 3422 643 3459 dicunt.
682 3421 752 3464 Virus,
779 3421 832 3470 quod
857 3419 878 3456 iu
898 3419 995 3457 testiculis
1013 3418 1095 3460 habunt,

152 3484 218 3526 aptum
233 3478 328 3522 modicis,
353 3480 468 3517 eustorium
483 3479 607 3526 appellatum
626 3479 664 3515 lroc
685 3478 760 3514 adeunt
773 3476 844 3525 (aiunt)
859 3489 904 3515 cum
917 3475 982 3514 sciunt
995 3487 1054 3525 quam
1069 3474 1094 3511 uls

152 3546 229 3573 uussnr
243 3534 255 3554 ¹
269 3536 324 3571 ultro
339 3546 373 3572 sos
387 3535 425 3573 sibi
440 3536 527 3573 dcrncre.
557 3535 618 3583 Quod
632 3534 661 3572 ait
675 3541 694 3571 ct
710 3533 749 3571 Cic.
764 3547 800 3582 pro
815 3536 857 3576 Sc..
872 3545 917 3571 cum
932 3545 990 3582 quam
1005 3531 1030 3568 ob
1045 3543 1094 3567 cru-

152 3602 191 3627 ssm
206 3590 227 3627 in
241 3590 330 3639 periculo
343 3591 442 3629 redimant
457 3605 478 3627 sc
492 3605 503 3629 a
519 3599 581 3629 morto
596 3605 618 3629 us
633 3598 689 3641 parte
710 3589 810 3638 corporis,
829 3596 984 3638 propterquam
999 3591 1096 3635 expetunt

152 3648 219 3684 svsrlsa
234 3654 255 3683 ct
268 3646 344 3685 relicta.
374 3648 441 3685 Gru-lt.
454 3648 469 3683 l.
484 3648 507 3683 ll.
529 3651 551 3685 ll.
568 3649 590 3684 1..
604 3650 630 3685 ll.
645 3649 669 3683 V.
685 3650 730 3684 Vos.
745 3654 832 3685 testones
854 3660 890 3695 pro
905 3653 971 3683 tanen.
985 3666 1010 3675 ·-
1039 3645 1094 3681 For-

149 3705 179 3741 tiu
192 3704 276 3740 Sslrnas.
290 3704 379 3753 explicat
390 3706 456 3754 gravi
467 3704 534 3742 odore.
564 3705 615 3742 Dein
631 3704 697 3740 Gucll‘.
713 3706 726 3740 1.
742 3711 761 3741 et
776 3711 862 3754 egerunt
873 3709 947 3752 portus
961 3713 1015 3739 suos.

79 3776 84 3789 “
104 3776 132 3828 tt)
158 3784 184 3820 G.
202 3784 244 3819 lov.
264 3783 298 3821 01.
317 3795 383 3820 curin.
417 3784 460 3821 luis
481 3792 546 3823 airh-nr
567 3788 612 3823 nrt.
634 3792 663 3821 ‹nt
684 3784 826 3834 Peloponnesi,
853 3798 864 3819 a
884 3783 969 3819 Tolotro
989 3778 1030 3816 filio
1048 3778 1094 3816 uls.

149 3839 221 3888 Epiros
242 3846 309 3877 autin
330 3839 351 3877 in
368 3842 447 3889 blisrnpn
471 3850 506 3877 cn.
536 3844 556 3877 ln
572 3842 629 3879 urnii
652 3844 694 3877 locu
715 3849 761 3889 post
780 3848 827 3879 sunt
842 3843 911 3877 nrnm.
930 3839 976 3875 add.
999 3835 1096 3873 musculis

148 3898 202 3946 quisti
216 3896 281 3933 omitt·
294 3898 318 3932 Β.
331 3897 357 3933 L.
374 3898 397 3933 ll·
414 3899 459 3933 vor.
475 3899 541 3935 (isnll'.
556 3902 570 3935 l.
584 3900 607 3934 ll.
624 3899 691 3946 oleph.
706 3900 759 3935 Dan.
774 3898 800 3934 ul.

97 3971 129 4024 63)
146 3976 183 4072 PG·
198 3980 287 4071 nomm
301 3990 381 4029 pennu
401 3977 456 4027 quod
469 3982 495 4019 ss
514 3977 613 4029 lapidibus
629 3984 717 4025 cosrstat,
736 3978 793 4016 iuxta
811 3976 913 4016 historiam
926 3973 1054 4013 Deucalionis
1069 3978 1096 4017 st,

164 4046 198 4083 yrr
213 4046 244 4072 aa.
