2288 4514
107 238 173 303 354
372 230 503 293 Puosst
527 230 892 305 COMMENTARIUS

114 425 204 539 pictus
226 416 269 469 bis
293 432 338 469 sor
362 414 448 481 signis
463 415 547 469 stellis
569 415 735 469 mirantibus
759 415 833 469 altus
854 414 885 469 iu
909 414 1011 485 obliquo
1023 432 1041 467 n

141 504 211 539 rinno
228 485 307 539 binos
324 493 463 551 occeptat,
486 493 514 537 et
531 484 687 555 appelletur
703 502 721 537 a
737 486 881 539 coelatura
897 484 1040 547 casluim(

114 557 152 609 ab
176 564 277 607 ornatu
300 550 413 621 simos,-
438 554 537 607 Latine
563 572 581 607 e
603 555 707 623 putitio
728 554 875 607 monum·
907 554 936 607 Si
951 568 1040 623 ergoe

113 640 165 697 pro
182 624 241 693 igni
258 626 447 695 acceperimus
464 632 591 695 superest
606 626 635 675 in
654 638 688 677 eo
708 622 856 692 quodeit:
873 620 987 693 spiritus
1000 624 1040 675 ins

28 716 34 737 ¹
114 700 210 747 adrem
234 694 339 745 dictum
363 708 582 763 precsutnsnnus.
622 690 675 743 Hic
700 700 742 744 est
765 692 853 743 etiam
870 692 921 761 qui
942 690 1040 755 uobist

114 764 244 831 spiritum
260 770 450 817 commeatum
466 760 592 829 largitur.
624 762 683 811 Hoc
700 760 780 813 illum
797 768 828 813 et
840 760 946 813 Ennius
961 758 1040 833 appell

114 831 277 883 Annalibus:
300 834 426 900 Corpore
450 838 572 882 tartareo
597 838 735 897 prognata
756 828 861 901 palude
876 830 936 881 vire
956 844 985 895 o,
1005 828 1039 897 Qu

115 901 207 951 imber
224 908 252 951 et
268 900 340 967 ignis
357 898 468 968 spiritus
492 906 521 951 et
545 898 635 965 gravis
656 906 741 951 terra.
775 896 890 951 ItemL
928 898 986 949 'ius
1003 898 1029 949 in

114 970 285 1033 Satirarum:
302 970 360 1021 Hoc
377 985 444 1018 cum
460 968 574 1031 icceris,
590 984 654 1017 cnm
672 966 773 1020 ceteris
790 982 856 1019 reus
872 982 931 1023 una
945 966 1039 1021 trsdetu

116 1055 172 1091 non
191 1038 280 1089 oderit
298 1034 393 1105 ἄρχαις
410 1036 571 1099 hominem,
594 1042 623 1085 ot
638 1036 752 1097 stocbiis
772 1034 857 1088 simul
872 1036 990 1105 privabit
1004 1050 1039 1089 eus

117 1116 147 1160 et
167 1124 240 1173 equs
263 1106 450 1169 interdixerit,
474 1107 529 1155 duo
554 1104 640 1157 bubet
663 1104 784 1169 stocliia,
814 1104 846 1156 id
868 1104 1038 1171 maluerit,p

115 1185 218 1229 tumen.
252 1178 289 1227 Et
305 1177 404 1227 Cicero
421 1175 450 1225 in
467 1190 501 1227 eo
518 1174 591 1225 libro
608 1188 663 1241 quo
680 1190 763 1243 supro
780 1180 814 1241 (c.
832 1174 903 1237 36)ss
919 1173 1039 1245 Principir

116 1254 194 1299 terra
213 1245 266 1295 sita
290 1246 318 1295 in
344 1243 437 1295 medis
460 1250 539 1313 perte
563 1242 675 1307 muudi,
697 1244 869 1295 circumfusa
892 1242 958 1295 undi
984 1260 1038 1295 teo

117 1314 262 1366 animabili
279 1312 459 1384 spirabilique
476 1320 592 1377 nutura,
617 1312 683 1379 quoi
700 1328 805 1364 nomen
822 1319 867 1363 est
882 1315 940 1369 siit.
986 1312 1004 1361 't
1017 1310 1038 1361 l'i

116 1386 146 1435 in
163 1382 284 1435 versibus
302 1380 506 1451 superioribus:
533 1382 742 1449 Terrarumque
760 1378 945 1451 ustirnu'eque3
965 1396 1038 1431 sirmi

116 1461 193 1504 caret
209 1452 287 1503 aeris.
322 1452 397 1518 Ergo
421 1450 451 1500 in
475 1450 518 1501 his
536 1465 646 1518 quoque
663 1449 785 1501 versibus
808 1450 941 1519 spiritum
957 1452 1038 1517 prosi

114 1522 246 1591 cepimus.
281 1519 418 1587 Quattuor
436 1518 641 1571 elomentorum
658 1519 732 1571 lacte
748 1518 916 1589 descriptio,
932 1519 967 1572 sd
981 1532 1038 1587 quen

115 1590 211 1659 ginem
228 1590 315 1640 Vorr'o
333 1588 438 1639 mundo
456 1603 538 1638 ovum
555 1587 740 1655 comparavit,
755 1586 787 1638 in
803 1587 976 1656 Logistorico
990 1584 1028 1655 qui

116 1660 192 1711 bitur
209 1657 322 1709 Tubero
340 1658 375 1709 de
391 1654 501 1725 origine
524 1656 665 1721 humens,
685 1656 724 1707 sio
741 1656 849 1708 dicens:
873 1656 987 1709 Coelum
1005 1660 1037 1707 est

116 1729 183 1781 item
201 1725 338 1790 vitellum,
361 1732 393 1776 ut
408 1733 500 1790 terra,
522 1726 596 1777 inter
619 1726 665 1777 ille
683 1723 737 1775 duo
761 1724 881 1791 humor,
971 1724 1036 1775 'bn

116 1797 205 1848 clusus
229 1796 287 1847 veri
310 1802 344 1863 (q.
364 1797 396 1845 in
414 1796 511 1845 sinum
531 1795 629 1845 clusus
648 1793 742 1857 o'e'ri),
763 1794 795 1847 in
812 1809 903 1863 quoe
931 1809 970 1846 or.
998 1794 1037 1845 lm

118 1867 203 1919 etiem
220 1865 293 1916 libro
314 1868 400 1916 tarro
417 1863 617 1931 interpretetur
633 1862 755 1915 vitellum
771 1862 951 1939 appellepum,
965 1862 1037 1931 quisi

117 1934 225 1993 vituliu3
247 1950 314 1985 nam
332 1946 360 1985 et
376 1932 452 2000 quod
473 1935 514 1984 ait
530 1932 658 2001 Virgilius
682 1934 723 1999 (A.
744 1938 777 1997 1,
794 1931 866 1993 58.):
886 1932 927 1985 'Ni
941 1932 1026 1993 facin,

118 2012 187 2067 etc,
203 2017 275 2067 non,
299 2010 329 2051 ut
345 2004 432 2069 Asper
450 2008 542 2070 putet,
566 2000 703 2053 mundum
719 1999 750 2051 in
766 2008 823 2053 tres
841 2008 934 2069 pestes
948 1998 1030 2053 divisit.

117 2088 169 2140 pro
187 2075 252 2123 edre
270 2072 344 2123 venti
360 2070 406 2121 hic
424 2070 591 2121 extrinsecus
608 2070 795 2137 accipiuntur,
812 2070 849 2123 ad
866 2070 940 2139 quod
955 2082 1035 2137 argunt

116 2139 277 2206 collegimus
294 2138 376 2189 Ennii
400 2154 478 2189 exem
497 2139 556 2189 lum
581 2139 617 2191 do
633 2138 783 2191 Annalibus
799 2138 861 2191 nti
883 2137 928 2191 Sic
950 2136 1024 2191 denis

139 2208 216 2261 ennis
234 2208 333 2259 obnixa
351 2206 461 2257 volubnt
477 2158 565 2259 iente
585 2224 668 2275 quem
685 2206 835 2274 perbibent
850 2207 967 2261 Graium
981 2216 1036 2277 gestu

118 2228 221 2345 lingue.
256 2278 326 2329 ltem
343 2292 409 2327 cuns
426 2278 466 2327 eit
482 2277 625 2343 Virgilius:
649 2276 722 2345 Quin
746 2294 845 2347 aspere
862 2278 930 2329 Iuno
947 2285 1004 2339 etc,
1020 2290 1036 2323 n

117 2349 205 2400 trium
234 2346 428 2397 tantummodo
457 2346 658 2397 elementorum
688 2345 868 2411 intelligenda
891 2344 1032 2401 auctoritas:

119 2416 230 2467 Iunonis
255 2432 357 2466 nomen
380 2413 488 2481 insigne
512 2416 634 2483 positum
657 2414 798 2474 restiteris,
824 2422 852 2467 et
870 2414 986 2483 exemplo
999 2426 1035 2477 sup

120 2485 276 2547 Ciceronis,
293 2500 347 2551 quo
366 2500 428 2534 eom
446 2482 501 2533 lovi
519 2484 669 2545 iunctam,
681 2491 711 2532 ut
727 2483 786 2534 u'e'ri
802 2485 909 2537 aetheri
925 2482 1026 2535 vicinum

118 2556 197 2606 ravit.
237 2555 307 2603 Item
330 2551 445 2602 Honrcri
470 2568 562 2603 versus
586 2552 707 2603 eundem
730 2554 857 2605 referunt
878 2552 1035 2609 intellectum,

118 2624 242 2691 luppiter
259 2622 395 2689 <instigans
414 2621 466 2672 eit:
488 2615 532 2673 ”H
547 2616 580 2671 ου’
596 2616 709 2690 μέμνηᾶ
726 2615 772 2673 ὅτε
790 2641 815 2676 κ.
833 2643 859 2677 τ.
878 2619 903 2677 λ.
937 2622 1002 2671 Hneo
1012 2616 1034 2665 11¹

118 2693 215 2743 Iunoni
234 2691 300 2741 dirit
316 2691 510 2740 comminatus.
545 2691 622 2757 Qum*
645 2692 721 2743 eninr
739 2700 851 2759 possunt
867 2690 974 2743 Iunonis
987 2684 1035 2737 sidu

119 2762 235 2829 pendia,
256 2761 308 2811 nisi
332 2759 426 2811 librati
449 2759 520 2810 o'eris
544 2760 699 2813 dunense?
724 2761 801 2827 Qtrue
825 2768 889 2812 sunt
910 2750 1035 2830 pedibusd

119 2832 258 2900 pondera,
290 2830 341 2880 nisi
365 2839 459 2881 torrae
482 2829 610 2896 marique
632 2830 770 2881 iacentia?
812 2830 880 2897 Quis
903 2842 993 2880 tineus
1013 2820 1034 2871 lt*

120 2899 171 2949 nisi
196 2897 311 2965 igiicns?
346 2898 418 2965 Quid
444 2900 519 2948 eninr
545 2900 566 2948 si
592 2914 693 2949 nomen
719 2898 959 2957 lunonisGreeco
985 2903 1033 2963 pr⁰fl

118 2969 238 3036 snopius,
256 2983 347 3017 nonne
364 2969 494 3017 iteratum
512 2966 660 3017 inciditur?
678 2962 1015 3033 Quinimmo'consequitur
1025 2972 1034 3003 11

121 3038 205 3099 soris,
229 3036 247 3085 i.
266 3055 290 3085 e.
309 3045 339 3085 ut
355 3036 470 3103 incipiat
486 3029 557 3102 ἦρα,
581 3043 664 3101 utque
689 3037 842 3087 identidem
865 3024 1033 3094 revoutnb

120 3103 163 3153 Sic
182 3105 264 3154 otium
284 3105 356 3171 apud
374 3107 543 3167 llomerunr,
560 3104 606 3154 ubi
625 3104 664 3155 dii
680 3104 766 3155 armis
783 3104 950 3172 disceptant,
964 3092 1034 3151 luntl

122 3171 274 3240 adempsit,
298 3190 369 3240 qiiee
389 3172 469 3224 Lnno
492 3174 606 3224 confuso
630 3174 700 3223 udris
716 3174 851 3225 densitate
875 3170 1034 3233 consuetitpl

118 3241 284 3291 scuritutein.
320 3242 485 3308 Quanquam
503 3249 531 3293 et
548 3243 665 3293 eerrdcm
684 3242 793 3293 Lunam
814 3243 871 3295 sive
888 3244 1033 3299 Diartsm,‘

119 3309 184 3360 dem
204 3311 338 3360 lunononi
358 3310 451 3373 videri,
468 3311 508 3360 ibi
525 3310 599 3361 dicut
615 3312 713 3361 Cicero
731 3310 760 3361 in
778 3312 809 3361 ll.
827 3311 862 3365 de
879 3304 1033 3365 Deor.1utl

118 3378 171 3428 sic:
197 3376 277 3429 Luna
301 3396 316 3429 a
338 3378 455 3429 lucendo
479 3381 636 3439 nominate,
661 3378 758 3431 eudem
776 3387 818 3432 est
834 3382 948 3433 Lucina.
984 3378 1033 3435 tud

121 3446 194 3514 apud
212 3446 334 3498 Graecos
352 3447 487 3513 ilianum,
511 3448 683 3517 eundemque
700 3447 877 3515 Lucilermn,
901 3450 939 3502 sic
955 3440 1033 3516 apudt

117 3515 255 3567 Iunonem
276 3514 414 3567 Lucinam
444 3516 474 3568 in
503 3518 638 3584 pariendo
665 3515 807 3575 invocanu
837 3535 910 3587 quoe
939 3516 1021 3570 eedem

119 3584 255 3651 annicega
272 3582 387 3650 dicitur,
410 3601 464 3636 non
491 3604 508 3638 a
533 3586 671 3651 venundo,
693 3587 741 3637 sed
766 3588 841 3653 quod
866 3589 896 3639 in
916 3588 1032 3655 septen*

118 3660 252 3719 tanquum
270 3654 426 3713 vertutibus3
443 3654 532 3707 Iliona
550 3656 636 3719 dictu,
654 3655 719 3721 quia
735 3663 818 3706 noctu
837 3658 915 3725 quasi
931 3658 997 3709 diem
1011 3640 1032 3699 el

118 3722 271 3775 Adhibetur
294 3731 389 3773 uutcnt
413 3724 447 3775 ml
471 3733 578 3793 partus,
602 3726 675 3793 quod
699 3724 718 3774 ii
745 3733 947 3791 rnuturescnnt,
974 3726 1032 3775 snttt

119 3807 319 3859 nonnunquam
342 3802 390 3842 mu
414 3794 576 3863 plerumque
607 3809 705 3845 novom
730 3792 825 3845 Lunae
851 3796 983 3857 cursibus,
1008 3794 1032 3862 Ψ

119 3874 216 3912 menso
232 3862 321 3929 spatie
338 3862 499 3926 conficiunt,
518 3880 625 3915 mensos
643 3862 786 3915 nomimtti.
819 3866 908 3917 Varro
924 3865 1002 3917 etism
1014 3866 1032 3903 n

117 3929 233 3993 storico,
264 3946 349 3997 quom
383 3930 521 3997 inscripsit
544 3932 657 3985 Metella
686 3933 721 3983 de
744 3933 908 3997 valitudine,
937 3932 984 3985 uit:
1008 3922 1031 3975 Ν

116 4006 254 4067 agrestes,
270 3998 386 4053 venandi
402 4000 519 4073 peritos,
544 4018 610 4053 cum
627 4001 780 4075 plurimum
797 4002 827 4055 in
844 4002 917 4055 silvis
933 3994 1029 4071 egerett

684 4116 704 4139 N
