2424 4506
174 205 176 211 ’
225 275 260 317 m
283 252 443 339 sinan.
465 252 621 321 ancon
642 254 878 333 v1‚ss-7s.
1005 262 1069 329 sss

10 357 15 388 Ι

10 394 14 429 ι
106 400 110 405 ·
216 422 220 427 .

10 439 188 505 Ιεοτοπεπη
211 453 268 495 uua
282 438 487 493 Missurum-
526 446 571 501 66.
591 438 677 507 Virof
700 442 790 495 Gallo.
823 442 926 496 Phoebi
949 439 1068 507 charues

10 497 24 580 2'3
38 508 58 563 i.
71 526 95 566 e,
117 508 237 575 massae]
271 502 481 576 Assurrsssrisf
504 508 524 561 i.
542 528 583 576 e.,
601 510 738 563 honorem
761 512 929 580 praebuerit.
970 511 1007 561 Ut
1024 510 1068 577 (G.

10 578 156 643 {stiffi->²
181 577 300 630 Tmolus
323 581 464 647 assurgit,
487 580 590 645 quibus
616 591 641 630 st
665 597 712 630 res
738 582 796 647 ipss
822 580 954 633 Pheneos.
994 580 1015 630 l.
1031 597 1071 644 e.,

10 661 14 701 ·.
44 644 118 699 assit
135 674 173 685 —
206 652 250 705 67.
269 646 304 699 Ut
319 645 432 712 Linus,-
455 647 587 715 Apollinis
603 647 690 699 filisu:
715 665 799 717 quem
822 666 905 720 supra
929 652 1070 699 memora-

10 736 13 742 ·
45 714 86 767 rit
118 714 210 785 [Ordo
233 724 328 769 autem
345 724 400 768 est:
422 718 492 767 haec
515 716 555 767 illi
579 724 610 767 ut
624 716 848 781 Linusslixerit]
881 717 991 767 Divino
1008 732 1069 767 car-

10 800 18 840 t
49 784 131 849 ιίιιις
154 782 176 836 i.
192 802 218 836 e.
240 784 405 850 vaticinans,
427 784 486 853 [qui
507 784 598 837 divina
621 786 746 837 canebat.
780 784 895 851 Passor,·
919 784 1071 854 quaeritur,

34 847 93 903 ¹rssr
106 866 206 919 pastor
222 853 335 917 dixerit,
357 852 411 905 nisi
427 856 501 905 torte
518 853 591 921 quod
608 869 637 906 se
653 859 735 921 poe'ta
751 854 804 905 sub
819 853 934 926 pastoris
952 868 1071 921 persona

10 944 16 971 ·.
49 918 202 991 Mucit-
234 928 279 981 68.
299 924 388 990 Atque
406 923 487 989 apim·
505 922 580 989 apud
596 923 721 990 antiquos
737 922 767 974 in
785 938 873 991 agone
891 930 952 976 erat
968 920 1072 991 speeies

10 984 33 1045 ἶ.
51 1004 158 1043 strouae
176 989 212 1043 de
228 991 309 1059 apio,
333 991 382 1043 sed
404 990 435 1043 in
450 994 568 1043 nemaeo
583 1006 688 1059 agone,
711 990 757 1061 qui
773 994 804 1043 in
820 992 954 1043 honorem
971 989 1072 1041 Arche·

19 1073 25 1082 ·
50 1057 113 1109 nori
133 1056 347 1121 innisuouesn
369 1065 397 1111 et
413 1059 507 1110 volunt
524 1060 636 1127 quidam
657 1058 711 1111 hoc
735 1075 854 1113 coronae
876 1076 962 1128 genus
979 1058 1014 1110 ad
1030 1059 1072 1111 iu·

10 1139 14 1154 ·
51 1124 143 1177 dicium
165 1129 423 1188 mortia'electum,
445 1136 492 1179 aut
509 1130 583 1195 quod
599 1128 710 1179 humilis
726 1128 816 1180 herba
838 1130 1020 1180 immaturum
1037 1126 1071 1177 sle

10 1228 13 1245 2
51 1194 211 1247 humero
233 1196 341 1247 luctum
358 1196 495 1260 ostendat,
519 1204 566 1247 aut
589 1196 662 1265 quod
684 1197 863 1263 supra-hanc
885 1196 1004 1249 herbam
1027 1212 1071 1246 re-

10 1258 20 1346 ζ
52 1270 118 1343 pam
133 1280 205 1331 puer
222 1282 239 1317 a
256 1274 383 1335 serpente
401 1264 532 1317 extinctus
548 1264 592 1315 sit.
625 1264 695 1316 Sana
719 1268 748 1316 in
766 1281 798 1317 eo
816 1282 905 1330 agone
927 1262 1072 1332 speciatim

10 1358 21 1369 -
347 1338 351 1346 ’
431 1359 465 1369 ...
517 1340 524 1369 l
702 1355 709 1367 ·
1007 1352 1013 1363 ·

52 1341 433 1461 statuantur
451 1333 707 1468 „stt-dtur
723 1333 901 1459 sitdiu
914 1333 1072 1467 {tritt

10 1467 27 1522 t·
54 1470 117 1533 arsi,
133 1470 264 1535 Hesiodo,
280 1471 328 1539 qui
340 1473 471 1522 Ascraeus
487 1474 578 1522 iuerat
593 1472 639 1539 [de
653 1471 711 1522 vico
723 1468 864 1537 Boeotiae]
882 1488 965 1540 quem
979 1469 1073 1519 dicun·

10 1524 31 1618 l,
53 1540 88 1587 tur
100 1536 197 1591 Musae
216 1541 388 1607 [pascentem
404 1538 499 1607 pecus]
515 1557 545 1590 ra
566 1548 626 1589 tum
643 1540 677 1592 de
694 1547 789 1590 monte
804 1540 937 1592 Parnasso
960 1543 1072 1608 poetam

10 1621 22 1678 p
53 1602 135 1657 facisse
159 1624 280 1660 munere
300 1608 479 1660 calamorum.
525 1558 596 1675 [diui
621 1610 706 1660 etiam
736 1606 779 1659 bis
801 1610 950 1677 pueritiam
972 1606 1006 1658 de
1030 1621 1072 1657 se·

55 1682 150 1727 aetate
165 1675 336 1747 praestitisse
352 1678 489 1730 dicuntur.
526 1676 591 1728 ideo
609 1677 663 1742 ait,
685 1694 757 1743 quos
774 1689 837 1726 onte
856 1675 937 1741 seni]
954 1700 988 1712 —-
1027 1680 1073 1730 72.

44 1738 167 1811 -Gsyuaes'
192 1747 319 1796 nemoris
336 1747 448 1797 dicatur
473 1746 569 1813 origo;
591 1746 757 1797 miraculum
779 1745 926 1811 Apollinis,
948 1743 996 1812 qui
1018 1757 1074 1793 ser-

55 1821 153 1931 nim
167 1814 212 1867 ibi
228 1814 375 1866 interiecit.
399 1814 542 1881 Gryneum
560 1832 658 1865 neruus
674 1814 760 1865 estin
778 1812 878 1864 linibus
894 1814 976 1864 Ioniis
993 1809 1073 1878 Apol·

65 1880 134 1950 ''[a
151 1883 250 1951 Gryno
268 1882 336 1948 filia]
352 1889 557 1934 consecratum:
574 1884 628 1951 [vol
646 1900 663 1934 a
677 1882 797 1949 Grynia,
813 1882 937 1934 Moesiae
957 1880 1074 1943 civitate,

57 1946 92 1999 sti
107 1956 148 2003 est
162 1950 241 2003 locus
258 1951 403 2015 arboribus
419 1950 525 2016 multis,
541 1950 638 2014 iunco,
655 1950 789 2019 gramine,
806 1951 976 2019 floribusque
992 1947 1073 1999 variis

22 2072 38 2085 ,
57 2018 120 2069 enni
141 2026 271 2087 tempore
293 2021 417 2084 vestitus,
447 2019 590 2070 abundans
613 2021 698 2071 etiam
721 2020 858 2083 lontibus,
884 2036 954 2088 quae
980 2016 1073 2068 civitas
1144 2072 1148 2083 ,

56 2100 142 2139 asuseu
159 2090 302 2158 accepite
319 2088 430 2157 Gryno,
452 2088 583 2157 Eurypyli
599 2088 671 2154 filio,
694 2090 741 2156 qui
762 2087 889 2156 reparavit
912 2089 942 2140 in
958 2085 1076 2151 Moesia,

22 2167 25 2174 '
55 2154 234 2275 Eiadversus
251 2155 387 2209 Troianos
404 2157 517 2207 Graecis
535 2157 666 2208 auxilium
682 2157 753 2209 tulit.
783 2157 936 2225 Eruypylus
952 2170 1073 2222 uanique

77 2224 111 2277 'us
126 2224 263 2296 Telephi,
282 2225 408 2277 Herculis
432 2232 460 2277 et
475 2228 564 2293 Auges
587 2225 651 2290 lilii,
674 2242 705 2277 ex
722 2225 855 2292 Astyoche
879 2222 1075 2277 Laomedontis

54 2290 99 2349 flia
114 2295 181 2361 tuit,
207 2295 255 2363 qui
272 2294 398 2362 Grynum
422 2294 582 2363 procreavit.
616 2295 640 2344 [s
657 2311 722 2345 cum
746 2294 830 2364 patris
848 2302 1006 2363 occupasset
1022 2292 1074 2342 im-

54 2364 168 2429 perium,
190 2370 221 2415 et
237 2363 309 2415 bello
326 2380 344 2414 a
360 2362 484 2413 finitimis
501 2370 697 2430 temptaretur,
715 2365 881 2430 Pergamum
899 2360 1075 2430 Neoptolemi

54 2431 293 2483 rtAndromaches
316 2430 405 2482 lilium
429 2430 464 2481 ad
487 2432 617 2483 auxilinm
640 2433 674 2483 de
691 2432 775 2501 Epiro
793 2432 963 2498 provocavit,
986 2445 1074 2497 aquo

53 2496 178 2565 tuemur,
193 2500 282 2551 victor
298 2501 364 2552 diras
381 2499 464 2550 urbes
480 2500 610 2570 condidit,
626 2517 712 2552 unam
725 2501 852 2565 Pergami
861 2518 894 2551 m
911 2502 945 2551 de
962 2500 1074 2551 nornine

23 2602 26 2610 ·
53 2564 179 2641 Pergami,
196 2570 314 2622 alteram
329 2568 467 2635 Grynium
478 2586 510 2620 ex
521 2586 651 2640 responso
664 2570 805 2637 Apollinis.
840 2570 873 2623 lu
891 2570 943 2620 hoc
960 2584 1075 2619 nemore

52 2636 225 2690 Calchantem
237 2638 303 2689 vites
315 2647 453 2689 serentem
470 2637 583 2706 quidam
599 2654 688 2706 augur
704 2639 807 2689 vicinus
824 2638 994 2708 praeteriens
1011 2637 1077 2688 dixit

51 2722 153 2760 errore:
182 2723 241 2757 nou
266 2707 341 2758 enim
364 2707 405 2757 fas
429 2722 486 2758 esse
509 2723 610 2757 novum
635 2707 729 2757 vinum
751 2706 816 2761 inde
841 2715 966 2773 spissare:
996 2706 1031 2756 At
1052 2705 1075 2758 is

52 2788 129 2841 opere
144 2775 281 2839 absoluto,
297 2774 488 2842 vindemiaque
504 2776 585 2841 lacta,
602 2776 716 2827 eumad
732 2792 849 2829 caenam
866 2775 983 2837 vicinos,
1001 2790 1076 2823 eum·

51 2859 98 2923 pue
112 2844 207 2915 ipsum
223 2859 359 2911 augurem
376 2843 527 2909 invitasset,
544 2844 658 2915 protulit
674 2845 776 2907 vinum,
793 2851 822 2894 et
838 2859 904 2896 cum
922 2842 972 2896 diis
989 2842 1077 2895 libare

37 2928 78 2965 'to
96 2914 192 2967 rosum
210 2912 305 2977 vellet,
327 2912 406 2977 dixit,
428 2928 457 2961 se
481 2928 538 2964 non
561 2913 650 2964 solum
672 2921 819 2984 poturum,
844 2913 893 2963 aad
917 2911 1001 2965 etiam
1018 2911 1077 2963 Diis

52 2980 192 3046 hunum,
219 2988 248 3033 et
264 2976 381 3032 convivis
397 2980 444 3031 cui
465 2980 511 3032 ille
536 2982 632 3035 eadem
649 2998 720 3049 quae
737 2989 802 3033 ante
820 2980 845 3034 ai
862 2981 1017 3050 respondit:
1041 2979 1077 3031 ob

52 3048 100 3101 hac
116 3050 246 3103 deridens
263 3065 329 3101 eum
346 3049 460 3101 Calchas
478 3050 546 3102 adeo
570 3050 662 3102 ridere
679 3051 785 3123 coepit,
809 3058 840 3100 ut
851 3048 978 3118 'repente
994 3049 1079 3103 inter-

52 3119 119 3171 cluso
135 3118 239 3187 spiritu
255 3120 384 3188 poculum
401 3116 542 3171 obiiceret.
576 3120 663 3185 Varro
688 3119 727 3170 ait
744 3120 840 3170 vincla
860 3118 969 3169 detrahi
987 3119 1080 3181 solita,

52 3186 112 3239 ie.
135 3185 284 3257 compedes
313 3195 478 3254 catenasque
504 3195 531 3239 et
554 3187 624 3252 alia,
657 3189 704 3255 qui
734 3189 874 3239 intrarunt
897 3188 926 3238 in
950 3188 971 3238 A
992 3187 1080 3239 ollinis

52 3254 155 3377 Grppei
170 3256 266 3307 lucum
283 3263 311 3307 et
325 3256 379 3307 lixa
396 3252 567 3320 arboribus]‚
583 3257 612 3309 in
629 3271 684 3324 quo
701 3255 785 3336 [luco]
801 3256 948 3324 aliquendo
966 3203 1080 3309 distensa

54 3332 79 3377 st
124 3340 207 3393 opsus
224 3324 352 3375 dicuntur
369 3325 404 3376 de
420 3324 521 3393 peritia
539 3324 675 3378 divinandi
699 3333 773 3377 iuter
796 3342 824 3377 se
842 3324 969 3379 hahuisse
993 3332 1081 3377 certa·

53 3392 132 3447 nius.
181 3394 218 3445 Et
248 3409 312 3443 cum
337 3392 370 3445 de
400 3407 550 3460 pomorum
580 3393 687 3446 arboris
710 3394 852 3447 cuiusdam
885 3394 1083 3449 contenderent

53 3477 184 3528 numero,
199 3462 275 3515 stetit
292 3461 380 3529 gloria
396 3461 510 3530 Mopso:
535 3460 626 3531 [prae]
644 3462 719 3512 cuius
736 3463 777 3517 rei
796 3464 892 3515 doloro
910 3463 1024 3515 Calchas
1041 3467 1082 3516 iu-

10 3542 12 3552 '
54 3531 132 3584 leriit.
168 3532 228 3581 Hoc
251 3538 345 3582 atstem
362 3529 548 3596 Euphorionis
572 3530 714 3585 continent
736 3532 879 3598 carmina,
902 3548 971 3599 quae
989 3532 1082 3584 Gallus

53 3600 190 3651 remouit
204 3600 235 3651 iu
251 3614 409 3651 sermonem
423 3598 563 3649 Latinum.
597 3600 675 3650 Unde
693 3607 733 3654 est
748 3600 816 3652 illud
832 3601 864 3652 iu
881 3598 945 3662 fine,
962 3600 1010 3651 uhi
1019 3599 1083 3650 Gal-

53 3666 91 3719 lus
105 3668 229 3737 loquitur
248 3674 311 3733 (10,
327 3667 393 3728 50.):
413 3667 462 3717 Ibo
481 3679 507 3721 st
525 3666 686 3720 Chalcidico
706 3686 776 3737 quas
795 3682 863 3718 sunt
881 3668 953 3721 milti
970 3670 1084 3735 condita¹

53 3754 133 3789 maru
153 3737 298 3789 Carmina.
332 3736 404 3787 Nam
422 3736 531 3787 Colchis
556 3736 648 3802 civitas
665 3744 706 3789 est
722 3736 869 3789 Euboeae:
895 3738 1001 3804 deque
1025 3740 1085 3789 lua-

52 3814 94 3859 rat
108 3806 281 3874 Euphorion.
316 3803 464 3871 [Dicatur3
486 3804 632 3871 laudetur]
650 3830 685 3843 —·
718 3813 762 3863 73.
780 3805 823 3855 Ns
849 3808 915 3872 quir
941 3810 979 3857 sis
1003 3806 1085 3856 lucus

52 3890 104 3941 qus
122 3892 152 3925 ss
169 3874 238 3943 plur
256 3876 338 3924 iactes
354 3873 469 3939 Apollo;
492 3889 585 3925 sensus
606 3874 651 3925 hic
676 3881 730 3926 est:
757 3872 785 3924 Si
808 3881 838 3923 tu
859 3874 900 3924 Gr
921 3891 1005 3927 neum
1028 3874 1086 3927 lau·

50 3943 156 3995 dareris
176 3958 288 4007 nemus,
303 3941 334 3995 in
350 3941 425 3996 nullo
443 3959 472 3994 se
488 3950 597 3993 tantum
612 3942 705 4013 Apollo
723 3942 843 3997 iactabit.
881 3890 956 4006 [ὀνο
975 3961 1004 3994 se
1022 3944 1087 4007 plus

52 4012 150 4079 iactet,
166 4011 198 4065 iu
214 4025 270 4080 quo
287 4010 349 4078 plus
362 4010 497 4080 glorietur
509 4010 643 4077 Atalanta,
659 4010 857 4079 Hippomenes,
873 4012 978 4078 Gallus,
994 4012 1089 4077 Linus,
