2424 4506
60 278 63 285 ’
150 282 198 349 90
416 273 556 341 sumn
578 274 934 343 COMMENTARIUS
1025 220 1028 225 ‘

151 460 202 514 Vel
216 469 293 516 corte
310 462 448 533 indigetes
465 464 541 533 [sunt
556 463 595 517 dii
611 481 644 518 er
660 463 819 517 hominibus
834 464 916 517 iactit
937 472 968 517 et
982 462 1023 517 dii
1037 460 1184 532 iudane}
1206 474 1210 485 ¹

152 530 232 598 quati
255 532 286 585 in
309 532 362 585 diis
387 540 508 602 agentes.
542 532 624 602 [Sene
649 535 685 587 de
708 536 801 587 Aenea
822 533 921 587 fabule
940 533 1003 587 tulit
1024 540 1082 586 att:
1104 532 1181 599 cun,

149 599 247 652 Turno
271 601 361 653 occiso
383 610 412 654 et
436 610 550 672 accepta
567 602 696 667 Lavinia,
718 602 829 655 cou'dita
853 602 961 654 civitate
985 602 1016 654 in
1032 601 1181 653 Numicum

149 668 281 735 fluvium,
304 677 336 720 ut
358 669 415 721 alii*
428 670 537 735 volunt,
560 671 733 736 morificaus,
755 678 788 721 ut
809 670 857 722 alii
872 668 1062 737 Mezentium,
1084 676 1114 721 ut
1135 668 1179 721 olii

148 737 310 807 Messapum
332 737 441 806 fugietis
464 739 619 805 cecidisset,
641 757 694 793 uec
719 739 778 792 eius
801 738 872 793 estet
894 739 1011 792 cadaver
1032 739 1178 803 inventum,
1208 748 1211 753 '

149 808 279 861 Ascanius
302 805 372 858 lilius
395 807 453 859 eius
471 806 541 858 victo
557 809 696 862 Mezentio
719 824 783 859 cum
800 806 899 861 ceteris
915 806 1044 860 Troianis
1067 806 1177 859 credent

150 884 180 926 et
194 875 328 933 ,iactitant
349 874 423 927 iuter
446 876 562 929 numina
584 885 744 947 receptum,
766 876 820 928 eive
843 883 955 943 patrem
970 874 1065 927 volem
1088 890 1176 927 cointe⁸

149 960 230 1005 orare
246 944 384 1013 templum
400 944 554 1011 constituit,
577 947 651 1014 quod
668 947 714 995 dei
732 946 868 1013 indigetis
884 960 919 1015 ap
955 944 1017 996 llari
1032 942 1130 1011 irretit]
1144 968 1176 985 ν·
1192 978 1196 995 .

148 1020 211 1072 797.
227 1011 376 1065 Mortalin'
394 1013 487 1064 decuit
510 1015 616 1066 uiolari
639 1015 754 1066 vulnere
780 1012 899 1066 diuum?
920 961 1176 1083 {detuli-minere

147 1080 248 1148 dixit;]
266 1097 324 1133 nou
339 1081 432 1146 letali,
454 1082 501 1134 sed
519 1091 568 1134 aut
583 1097 638 1151 quo
655 1083 787 1134 mortales
803 1082 945 1147 laborant,
968 1088 1017 1134 eut
1032 1098 1053 1133 a
1068 1078 1175 1133 morfih'

145 1151 232 1203 illato.
270 1151 336 1218 [Aut
359 1151 474 1201 mortali
497 1152 626 1216 vulnere,
649 1152 668 1203 i.
692 1170 717 1205 e.
741 1159 863 1202 mortum
885 1149 1012 1203 facienti:
1034 1164 1104 1219 ergo
1122 1164 1174 1203 uon

146 1219 227 1289 quoii
241 1218 356 1271 Iuturna
372 1218 496 1270 mortalis
512 1219 566 1286 tit]
599 1219 708 1273 Divum
731 1228 841 1284 autem,
863 1214 1176 1339 subauditum&

149 1305 221 1340 rum.
238 1311 273 1326 -
313 1292 376 1346 798.
395 1285 475 1354 Quid
493 1290 568 1338 enim
586 1291 649 1341 sine
667 1301 691 1340 te
708 1289 832 1339 luturno
850 1289 968 1352 valeret,-
992 1304 1083 1356 paren
1143 1286 1200 1334 't'

184 1364 259 1410 terat
287 1356 366 1408 enim
394 1371 524 1426 ¹excusare
554 1357 623 1408 Iuno
653 1374 697 1425 se,
726 1357 797 1409 nihil
823 1358 920 1409 fecisse
949 1368 1176 1407 commemorarit.

146 1372 226 1478 idida
243 1440 308 1477 eum
326 1433 470 1477 auctorem
491 1425 574 1478 luisse
590 1426 713 1497 Iuppiter
730 1425 810 1490 dicit,
833 1424 1048 1495 propterillud:
1074 1424 1174 1475 ductor

80 1554 82 1562 Ι
148 1511 198 1564 ego
213 1494 346 1546 audendi.
359 1517 394 1532 -
426 1500 489 1551 800.
505 1494 612 1546 Desine
631 1499 688 1547 iam
707 1497 834 1560 tandem,-
851 1493 957 1562 singula
973 1490 1175 1563 proumttiaodt

145 1570 217 1615 sunt.
252 1561 387 1631 [Dicendo
403 1570 498 1614 eutem
515 1565 641 1628 tandem,
658 1565 754 1616 odium
771 1562 972 1633 perseverantis
990 1558 1129 1627 otteudit]
1142 1584 1174 1597 -

145 1637 209 1690 801.
226 1632 285 1683 Nee
299 1642 325 1684 te
340 1642 437 1682 tentus
452 1632 516 1681 edat
530 1636 646 1684 tacitam
660 1634 755 1696 dolor,-
772 1631 875 1684 scilicet
888 1630 983 1683 detine
995 1629 1067 1682 odiit
1078 1643 1175 1698 urgete

145 1700 291 1752 Troianos.
324 1698 395 1753 Sane
412 1701 479 1765 edo,
496 1703 572 1768 edis,
596 1704 667 1769 edit,
689 1702 831 1767 integrum
847 1699 964 1763 verbum
981 1706 1037 1761 est3
1062 1706 1094 1749 ut
1109 1697 1176 1765 lego,

145 1770 234 1836 legit,
251 1770 326 1836 legit.
360 1769 433 1821 Nam
449 1769 515 1836 edo,
533 1788 577 1836 es,
595 1783 647 1836 est,
664 1786 723 1823 este
740 1769 900 1821 anomalum
916 1774 1030 1821 constat.
1050 1791 1085 1806 -
1116 1772 1174 1823 8⁰3·

143 1838 276 1909 [Ventum
296 1838 332 1888 ad
349 1855 511 1906 supremum
528 1852 584 1903 est,·
602 1855 653 1908 per
669 1839 809 1891 infinitum
825 1837 941 1888 modum
957 1835 1037 1889 verbi
1053 1830 1175 1899 dictim-l

143 1933 180 1946 -
219 1913 281 1966 804.
308 1906 450 1959 Troianos
474 1911 608 1973 potuisti;
633 1910 651 1959 i.
675 1926 714 1975 e.,
736 1910 795 1959 iam
818 1923 874 1958 uou
896 1913 988 1975 potet:
1011 1904 1079 1958 idco
1101 1904 1175 1957 euim

143 1977 298 2048 praeterito
314 1991 378 2027 usus
396 1984 436 2028 est
453 1977 605 2047 [tempore;
632 1984 661 2030 et
676 1976 748 2030 bene
764 1977 898 2042 potuisti,
915 1973 980 2043 quia
995 1973 1057 2042 ipre
1073 1973 1174 2027 ductet

146 2052 190 2114 (1,
206 2045 281 2106 40.):
305 2046 391 2111 Atque
416 2047 494 2112 ipsos
518 2049 611 2112 potuit
633 2047 808 2113 submergere
832 2056 932 2113 ponto,
954 2051 984 2097 et
1004 2045 1111 2095 iterum
1133 2044 1174 2108 (7,

144 2112 240 2175 304.):
271 2111 353 2164 Mars
382 2114 493 2180 perdere
524 2127 630 2183 gentem
658 2115 811 2166 Immunem
836 2111 989 2180 Lapithum
1019 2111 1121 2163 valuit.
1141 2132 1174 2149 ··

144 2189 206 2240 805.
231 2179 399 2250 Deformare
423 2183 553 2246 domum,·
580 2183 736 2237 deformem
758 2182 892 2247 reddere,
913 2199 963 2252 per
986 2176 1122 2245 luctum]
1140 2202 1174 2219 ·-·

144 2256 206 2308 807.
230 2249 387 2301 Summisso
412 2253 510 2317 vultu,¹
540 2252 670 2305 habitum
699 2254 810 2304 futurae
836 2250 968 2302 orationis
993 2248 1119 2301 ostendit.
1141 2272 1175 2285 -

143 2324 205 2376 808.
224 2317 302 2384 Quia
320 2332 386 2371 nota
406 2320 478 2371 milri
502 2332 550 2371 tua
576 2340 680 2389 magna
704 2323 836 2373 uoluntas
855 2320 992 2386 luppiter;
1019 2316 1091 2384 [hoc
1113 2315 1174 2369 ideo

142 2389 211 2440 iuno
229 2387 306 2454 quia]
321 2388 446 2458 Iuppiter
463 2389 654 2443 necessitatem
677 2390 818 2443 obiecerat
833 2391 898 2454 lati,
921 2388 1027 2439 dicent:
1057 2385 1173 2439 Ventum

144 2457 181 2508 od
199 2473 360 2523 supremum
378 2469 426 2509 est.
459 2457 513 2510 Sed
527 2461 596 2511 Iuno
619 2461 706 2512 sciens
728 2461 818 2512 lutum
834 2474 892 2511 esse
908 2454 1039 2525 quioquid
1055 2456 1175 2526 Iuppiter

143 2527 261 2590 dixerit,
278 2525 345 2577 dicit
361 2543 390 2577 se
408 2526 506 2578 cedere
524 2528 583 2580 eius
600 2526 740 2580 voluntati
773 2527 847 2579 Nam
863 2527 892 2578 id
909 2526 981 2594 agit,
998 2532 1029 2575 ut
1046 2523 1174 2577 conciliet

143 2594 197 2647 sibi
219 2594 277 2646 eius
296 2596 422 2648 favorem
439 2596 475 2648 ad
498 2596 661 2663 petitionem
684 2599 814 2648 futuram.
831 2624 867 2634 -
900 2600 961 2651 810.
978 2594 1077 2660 [dirior
1095 2594 1173 2656 sedes

142 2664 248 2716 nubem
264 2664 344 2728 dixit,
366 2665 431 2732 quia
447 2680 530 2731 supra
548 2668 633 2730 (792.)
648 2666 768 2718 dixerat:
791 2665 882 2716 Fulvo
905 2680 1018 2730 pugnas
1043 2663 1077 2713 de
1101 2663 1172 2723 nube

143 2745 270 2785 tuentem.
312 2733 385 2785 Nam
408 2740 437 2785 et
459 2733 512 2784 hoc
536 2742 711 2787 accusaverat
731 2734 864 2804 Iuppiter.
908 2732 984 2799 Ergo
1008 2738 1173 2799 argumento

140 2802 285 2856 verisimili
298 2803 384 2854 utitur
396 2802 474 2871 quasi
488 2803 569 2865 dicat,
586 2819 643 2855 non
656 2805 761 2856 iaceres
776 2803 864 2854 solum
877 2810 908 2852 ut
923 2802 1070 2870 spectatrix
1086 2816 1173 2853 eoem
1196 2844 1199 2849 .

140 2873 189 2925 sed
211 2871 301 2942 ipsam
326 2887 388 2924 rem
411 2868 567 2938 gererem]
585 2898 616 2909 -
658 2877 720 2929 811.
744 2870 844 2941 Digna
869 2871 990 2935 indigna
1015 2871 1092 2936 pati;
1113 2870 1132 2920 i.
1148 2885 1172 2922 e.

141 2941 248 2993 omnia:
266 2947 294 2992 et
310 2939 520 3009 proverbialiter
538 2940 642 2993 dictum
659 2948 709 2993 est.
726 2965 759 2978 -
794 2941 855 2998 815·
871 2940 1051 3008 [Summa
1064 2939 1172 3008 stultit

139 3009 212 3062 bene
223 3009 330 3080 fratri,
346 3024 383 3060 ne
399 3009 421 3061 si
438 3008 544 3061 diceret
562 3008 676 3076 Turno,
699 3017 807 3062 careret
822 3004 951 3072 adiectu]
968 3033 1004 3048 -·-
1037 3012 1101 3065 814·
1118 3005 1171 3060 Pto

141 3081 215 3141 vito3
233 3095 266 3130 ac
283 3077 304 3128 si
322 3076 441 3130 diceret:
460 3093 512 3144 pro
529 3094 561 3131 re
577 3079 657 3130 uobis
674 3078 746 3143 data,
762 3078 780 3129 i.
794 3096 819 3131 e.
832 3076 871 3146 [a]
888 3075 1002 3145 superis.
1033 3077 1085 3145 [Et
1100 3074 1173 3129 bene

139 3147 266 3216 figuravit
283 3146 391 3198 Addere
408 3146 546 3213 probavi]
561 3173 596 3184 -
630 3153 692 3207 815.
709 3146 775 3199 Non
801 3159 831 3198 ut
855 3148 909 3199 teia
926 3159 1035 3210 tomen,
1059 3158 1118 3198 nott
1143 3155 1173 3197 ut

140 3216 315 3268 contenderet
339 3231 452 3279 oreum,·
482 3216 535 3268 hoc
565 3216 625 3267 loco
657 3216 734 3284 quasi
756 3217 899 3268 Iuturnam
925 3214 1055 3281 sagittam
1078 3213 1173 3266 iecisse

138 3285 281 3356 signifieat
314 3282 369 3334 Sed
384 3292 416 3334 ut
431 3298 514 3351 supra
532 3284 661 3350 diximus,
684 3300 827 3353 possumus
844 3286 986 3354 accipere,
1008 3283 1085 3350 quod
1101 3284 1171 3336 altar

113 3408 116 3415 ,
138 3355 169 3406 in
193 3357 251 3408 eius
275 3351 396 3420 gratiam
418 3353 587 3406 indensem
611 3355 665 3406 tela
689 3353 834 3405 contorsit:
861 3353 931 3423 [ipsi
955 3350 1171 3405 adscribendum

137 3438 222 3492 ergo,
240 3421 421 3472 contenderet
438 3438 544 3475 orcum.
577 3423 630 3474 Alii
648 3424 809 3487 ostenderet,
824 3422 843 3474 i.
857 3440 883 3475 e.
899 3421 1042 3475 adiuvaret
1057 3422 1171 3475 teudon-

137 3499 196 3544 tem
212 3490 242 3542 in
256 3492 377 3541 Aeneam
392 3490 494 3541 telum:
511 3506 568 3542 non
582 3491 657 3543 enim
671 3499 762 3542 certus
774 3498 871 3543 auctor
883 3489 1002 3542 vulneris
1012 3488 1125 3556 fuerat]
1136 3515 1174 3533 ···

138 3566 200 3621 816.
217 3559 324 3613 Adiuro
347 3557 442 3625 Stygii
466 3572 550 3626 ceput
575 3561 752 3628 implacabile
769 3560 882 3629 fontis;
905 3574 957 3681 pro
984 3560 1060 3612 iuro.
1098 3559 1172 3613 Nau

136 3628 274 3684 Prothesis
292 3635 340 3680 est.
375 3627 494 3694 Quidum
510 3636 605 3680 tamen
622 3631 723 3694 volunt,
741 3630 803 3681 iuro
822 3637 887 3680 tunc
923 3626 959 3678 ici
976 3626 1089 3694 debere,
1104 3643 1171 3681 cum

137 3697 333 3751 consumamus
349 3695 467 3764 aliquid,
486 3705 535 3749 aut
551 3698 746 3767 promittimus.
780 3698 829 3749 Ut:
855 3698 924 3750 lure
943 3714 985 3747 me
1002 3696 1172 3765 facturums

138 3767 241 3819 adiuro
259 3780 340 3831 vero,
356 3781 421 3817 cum
437 3781 583 3833 negamus,
606 3776 650 3818 ut:
674 3769 784 3819 Adiuro
804 3783 845 3816 me
863 3785 921 3820 non
938 3783 1035 3832 posse,
1059 3767 1170 3821 Adiuro

139 3853 181 3888 me
207 3853 265 3889 non
283 3834 397 3906 secisse.
439 3835 586 3886 Terentius
610 3837 691 3901 (Hec.
708 3846 741 3901 2,
757 3846 791 3900 2,
812 3837 889 3900 26.):
911 3836 1034 3887 Adiurat
1057 3852 1087 3887 se
1112 3853 1171 3891 nott

137 3922 218 3973 posse
241 3904 317 3975 apud
341 3921 390 3954 vor
415 3902 560 3970 Pamphilo
585 3905 698 3957 absente
720 3906 888 3973 perdurare;
911 3912 1001 3976 potest
1022 3910 1121 3958 tamen
1143 3913 1172 3959 et

139 3975 191 4039 ed,
213 3974 290 4027 valde
312 3971 482 4042 significare:
505 3974 548 4053 [ut
570 3972 607 4024 sit
630 3975 751 4038 adiuro,
773 3973 852 4025 valde
874 3974 946 4027 iuro.
987 3972 1171 4040 implacabile

124 4050 248 4110 mutem,
274 4040 479 4116 periurautibut
503 4041 692 4117 implacabile,
722 4049 751 4097 et
779 4041 851 4096 bauo
881 4041 1024 4119 respoudit
1045 4043 1082 4097 ed
1104 4042 1174 4099 illud
