2288 4514
251 300 287 341 m
308 278 464 342 ummo
486 279 644 345 GEORG.
668 281 701 354 1⁸,
723 287 869 353 19—21·
1009 290 1074 355 175

73 472 86 517 t
110 464 246 530 Uarique
276 482 346 533 puer
374 477 546 518 monstrator
576 468 667 525 aratri
675 489 685 529 ,-
714 464 762 516 alii
783 465 999 535 Triptolemum,
1021 462 1076 523 'alii

73 534 150 585 sirim
175 536 300 603 volunt;¹
329 535 382 586 uod
406 537 493 603 magis
516 552 612 586 verum
635 544 688 600 est,
710 536 752 602 [ut
774 535 839 587 dicit
854 537 1011 605 Propertius
1033 541 1076 591 vel

73 596 191 667 ibullus.]
225 603 298 655 Nam
308 553 500 671 &Triptolemus
522 605 665 657 frumenta
688 602 783 653 divisit.
818 604 909 672 [Quod
932 623 1032 657 munus
1048 609 1075 660 ei
1137 656 1141 667 ,

73 686 132 724 eres
157 671 237 725 dedit
259 680 372 742 propter
395 673 597 725 humanitatem
620 672 705 742 patris
729 672 814 734 Icari,
838 662 986 741 qiiieam,
1009 692 1074 741 cum

73 740 246 808 roserpinem
268 749 379 808 captam
403 743 494 809 (rapt.)
517 743 546 792 in
569 741 727 810 coniugium
750 757 767 791 a
783 741 897 794 Plutone
921 750 1075 811 quaereret,

73 810 184 861 sAttica
205 811 325 879 suscepit
344 810 482 880 hospitio]
516 811 590 862 Bene
613 821 705 862 autem
727 809 813 859 tacuit
836 810 869 862 de
893 813 1020 877 noniine,
1046 821 1075 864 et

73 878 218 937 ruraliter
235 876 275 928 ait
290 895 375 944 puer,-
393 896 459 930 nam
474 890 531 931 non
548 895 618 929 rinus
635 885 760 930 aratrum
775 886 834 928 toto
853 881 920 932 orbe
937 889 1073 932 monstra-

73 942 104 1009 u,
122 945 171 997 sed
186 946 287 998 diversi
309 946 339 998 in
354 946 465 999 diversis
487 947 562 999 locis.
595 947 657 1015 [alii
679 945 763 998 talem
781 946 814 998 de
831 947 1073 1019 hoc'Triptolemo
1099 972 1105 983 =

73 1010 172 1067 tbulam
193 1016 323 1068 tradunt:
345 1017 429 1068 Ceres
451 1033 522 1068 cum·
539 1016 733 1083 Proserpinam
756 1015 842 1067 liliam
867 1028 1012 1087 quaereret
1039 1020 1074 1071 ad

73 1078 206 1135 llsbsinum
222 1099 321 1152 regem
338 1082 456 1151 devenit,
478 1086 553 1136 cuius
570 1100 638 1134 uxor
655 1085 782 1154 Cyntinia
805 1101 923 1153 puerum
941 1087 1076 1157 Triptole-

73 1162 130 1203 Μ
149 1161 311 1223 pepererat,
339 1170 422 1222 seque
445 1153 583 1206 nutricem
612 1156 692 1221 pueri
717 1170 812 1206 amore
835 1156 917 1209 ducta
940 1157 1076 1208 simulavit

73 1220 177 1287 ogiam
194 1222 243 1273 sed
259 1223 350 1274 nutrix
368 1233 480 1295 recepta
497 1237 561 1272 cum
581 1224 659 1274 vellet
676 1223 817 1273 alumnum
833 1240 912 1274 suum
930 1225 1075 1277 immorta-

73 1284 245 1343 teredone
269 1291 392 1343 interdiu
417 1309 481 1344 eum
504 1291 575 1342 lacte
598 1290 688 1342 divino
705 1291 810 1355 alebat,
832 1300 916 1343 noctu
931 1295 961 1345 in
978 1296 1073 1363 ignem

73 1352 124 1409 fin
139 1358 284 1412 obruebat.
317 1361 426 1427 inepte,
451 1367 645 1439 praeterquam
661 1361 785 1412 solebant
801 1361 947 1427 mortales,
970 1379 1075 1417 cresce·

73 1414 109 1495 ,ht
138 1428 169 1479 ld
184 1430 227 1479 sic
243 1428 304 1480 lieri
320 1445 385 1480 eum
409 1437 489 1496 pater
506 1429 707 1493 adnotaretur,
729 1436 864 1480 nocturno
882 1438 1007 1501 ternpore
1025 1434 1073 1484 ob·

73 1496 174 1561 mavit,
195 1512 262 1549 cum
279 1500 365 1550 Ceres
381 1499 459 1550 vellet
479 1513 598 1567 puerum
620 1497 759 1550 incinere
777 1505 805 1549 et
826 1498 856 1547 in
879 1499 944 1565 igne
961 1499 1074 1552 abscon-

73 1556 130 1629 Ην,
143 1573 225 1633 pater
241 1566 412 1628 exclamavit,
435 1566 482 1618 illa
498 1566 568 1618 irata
586 1565 745 1617 Eleusinum
763 1566 931 1617 exanimavit.
965 1569 1074 1639 Tripto-

73 1624 123 1695 bpo
143 1635 260 1689 alrsmno
283 1651 331 1686 suo
355 1630 499 1688 ¹ueternum
523 1634 687 1686 beneficium
711 1636 792 1687 dedit.
832 1636 905 1687 Nam
928 1636 963 1688 ad
980 1638 1074 1706 fruges

73 1704 196 1763 Pttsndas
220 1705 414 1774 (propagand.)
438 1719 551 1755 currum
576 1703 740 1754 draconibus
762 1704 861 1767 iunxit,
888 1706 1017 1773 deditque
1039 1707 1075 1772 ei,

73 1770 147 1833 pbus
161 1772 209 1823 ille
225 1782 317 1824 vectio
332 1771 431 1825 orbem
447 1780 585 1824 terrarum
604 1770 728 1839 frugibus
742 1772 877 1835 obseruit;
894 1790 987 1841 quein,
1002 1784 1075 1845 post·

73 1846 133 1901 Pom
148 1841 266 1893 domum
281 1841 377 1905 rediit,
395 1857 458 1892 cnm
476 1841 611 1912 Cephalus
628 1857 676 1892 rex
692 1840 847 1892 interlicere
865 1841 1005 1907 voluisset,
1023 1861 1073 1913 per

73 1910 159 1977 quita
182 1910 255 1961 iussa
273 1910 426 1976 (Muncker.
448 1910 511 1975 sed,
533 1927 566 1961 re
589 1909 713 1977 cognita,
735 1909 820 1971 iussu)
838 1909 946 1961 Cereris
964 1911 1074 1980 Tripto-

73 1986 120 2029 tno
135 1976 257 2047 regnum
273 1977 399 2044 tradidit,
422 1978 469 2046 qui
487 1985 601 2046 accepto
617 1993 704 2045 regno
721 1978 852 2049 oppidum
869 1978 1022 2047 constituit,
1033 1982 1036 1987 ’
1046 1989 1074 2034 et

73 2048 180 2128 {patris
196 2047 312 2099 nomine
328 2047 487 2099 Eleusinum
503 2046 669 2109 nominavit,
692 2048 843 2115 Cererique
868 2063 945 2099 sacra
968 2050 1074 2115 primus

73 2117 176 2181 sunus,
199 2133 271 2185 quae
293 2111 484 2184 θεσμοφόρια,
509 2115 616 2167 Graece
633 2116 783 2167 dicunturr
802 2117 890 2166 Varro
907 2116 941 2167 de
957 2120 1074 2170 scenicis

73 2184 214 2253 iginibus,
242 2184 285 2239 vel
313 2185 344 2236 in
366 2186 482 2238 Scauro:
513 2184 714 2250 Triptolemum
740 2185 810 2234 dicit
832 2184 972 2251 Nigidius
990 2188 1074 2256 feras

73 2254 212 2305 trbaricae
234 2256 287 2304 sub
312 2257 436 2321 uirginis
460 2255 543 2320 signo
561 2256 574 2284 *
591 2266 701 2318 arator,
730 2270 809 2320 quem
829 2253 926 2305 Oronn
945 2256 1075 2323 Aegyptii

73 2334 164 2387 tenum
191 2324 267 2390 quod
291 2322 370 2375 Oron
390 2323 517 2375 Osiridis
536 2320 635 2387 filium
661 2324 694 2372 ab
720 2321 770 2374 boc
793 2324 940 2373 educatum
965 2326 1072 2378 dicunt.

73 2404 118 2457 rgo
137 2391 225 2443 Osiris
248 2391 432 2460 significatur,
455 2400 499 2455 ut,
525 2388 720 2459 Φιλοστέφανος
743 2397 805 2462 περὶ
828 2387 1002 2459 ειῖρημᾶτων,
1031 2396 1073 2447 vel

73 2460 240 2525 pimenides,
264 2461 311 2525 qui
335 2469 429 2529 postea
445 2459 566 2528 Buzyges
589 2461 675 2511 dictus
699 2462 752 2527 e'st,
775 2463 926 2513 secundum
942 2463 1074 2516 Aristote-

73 2528 120 2596 σι]
137 2554 172 2565 -
207 2536 251 2586 20.
268 2528 303 2578 Et
319 2542 441 2580 teneram
465 2531 499 2579 ab
526 2532 618 2580 radice
639 2531 737 2598 serens
754 2530 874 2597 Sylvans
892 2548 1053 2597 cupressum
1061 2554 1072 2595 ,-

73 2597 172 2649 ‘lvenus
190 2599 257 2649 deus
274 2604 314 2649 est
330 2596 470 2649 Silvarum.
504 2599 555 2649 Hic
572 2595 673 2650 amavit
696 2616 812 2669 puerum
831 2600 1005 2670 Cyparissum
1023 2617 1073 2652 no·

73 2666 135 2729 ine,
157 2667 206 2735 qui
223 2666 343 2718 habebat
359 2667 604 2720 mansuetissimam
620 2684 736 2720 cervam.
768 2670 846 2719 Hanc
864 2684 927 2718 cum
945 2669 1074 2736 sylvanus

73 2736 151 2786 iscius
168 2735 326 2800 occidisset,
349 2753 417 2806 puer
436 2745 476 2787 est
493 2738 625 2787 extinctus
642 2737 749 2789 dolore:
772 2753 855 2804 quem
879 2744 988 2788 aniator
1006 2738 1072 2788 deus

88 2820 250 2873 cupressum
268 2802 399 2856 arborem
415 2805 535 2855 nominis
552 2807 608 2855 eius
625 2806 713 2866 vertit,
728 2821 812 2872 quam
829 2821 879 2874 pro
897 2805 992 2855 solatio
1009 2821 1073 2873 por-

73 2888 105 2925 re
120 2873 230 2924 dicitur.
265 2872 352 2939 [Saue
375 2876 405 2925 in
421 2874 555 2925 Bucolicis
573 2874 656 2923 alium
674 2875 710 2925 illi
728 2875 855 2926 habitum
871 2874 947 2924 dedit
964 2875 1011 2939 (Ε.
1029 2880 1073 2940 to,

73 2942 114 3001 ll:
141 2941 225 2992 Venit
241 2954 267 2992 et
284 2946 389 3010 agresti
413 2945 515 3007 capitis
533 2944 675 3009 Sylvcnus
699 2943 811 2995 honore.
848 2942 966 3009 Quidam
984 2943 1072 3009 Sylva·

73 3026 111 3061 un
134 3011 261 3078 primum
285 3011 432 3063 instituisse
447 3012 628 3080 plantationes
645 3012 746 3064 dicunt.
778 3011 843 3063 Ideo
860 3025 953 3062 tenera
973 3013 1007 3061 ab
1028 3030 1071 3062 ra·

73 3080 106 3130 ies
121 3085 235 3147 poetam
251 3079 354 3132 dixisse.
388 3082 429 3131 An
448 3083 482 3131 ab
503 3083 597 3132 radice
615 3092 722 3144 tenera,
744 3081 808 3148 quia
826 3096 906 3133 caesa
929 3097 1072 3151 cupressus

73 3149 145 3199 citur
167 3163 225 3199 nou
249 3149 371 3213 renasci,
395 3149 464 3200 item
488 3150 621 3213 invalida,
643 3168 678 3200 an
704 3150 738 3200 ab
763 3148 856 3201 radice
881 3148 1011 3214 tenensi]
1036 3176 1071 3187 -

73 3216 227 3283 lsDiique,
245 3218 364 3285 deaeque
382 3235 492 3282 omnes,
516 3226 578 3287 post
593 3219 739 3285 specialem
755 3219 958 3270 invocationem
976 3218 1074 3269 transit

73 3284 81 3335 Ι
95 3286 319 3354 generalitatem,
336 3304 371 3338 ne
388 3288 461 3354 quod
477 3304 581 3340 numen
598 3296 769 3357 praeteream
793 3290 883 3355 [more
900 3287 1072 3352 Pontificum,

73 3370 96 3405 er
111 3370 181 3422 quoe
203 3355 260 3406 ritu
277 3355 366 3407 veteri
387 3356 417 3406 in
435 3357 563 3414 ormiibus
581 3357 664 3408 sacris
682 3365 742 3425 post
757 3357 886 3426 speciales
903 3357 983 3418 deos,
1003 3372 1072 3421 quos

73 3422 187 3495 liprum
202 3436 329 3490 sacrum,
345 3424 418 3493 qrrod
434 3425 532 3492 fiebat,
548 3442 658 3479 necesse
676 3434 735 3478 erat
750 3425 885 3493 invocari,
902 3424 1072 3494 generaliter

75 3591 110 3644 19)
137 3596 163 3632 G.
178 3594 221 3633 Alii
241 3595 403 3645 Tlepihoumnn
419 3592 472 3634 celei
491 3593 554 3632 filium
573 3592 654 3640 dieunt3
675 3590 708 3629 alii
728 3589 802 3630 Osirim
821 3599 899 3642 putant.
932 3593 965 3632 Ob
987 3606 1046 3643 quem
1059 3591 1071 3614 ¹*

127 3653 217 3699 (causam
232 3667 247 3690 s·
261 3666 311 3690 rem.
324 3653 429 3690 Munckcr.
443 3653 470 3689 ed
484 3653 535 3701 Hyg-
550 3650 590 3688 sab.
605 3646 661 3696 147.)
681 3649 705 3687 ab
720 3648 824 3699 Aegyptiis
844 3650 896 3687 inter
911 3651 958 3687 deos
979 3651 1003 3687 sit
1017 3652 1072 3688 rclr-

128 3716 167 3745 tus.
196 3708 347 3757 'l'leptholcmns
362 3710 416 3748 Cclei
428 3708 479 3758 regis
493 3708 624 3745 Helcussinac
638 3705 689 3743 filius
703 3705 751 3750 suit,
770 3706 804 3756 qui
821 3700 881 3744 usum
899 3707 977 3744 serendi
996 3708 1072 3756 primu

128 3766 245 3803 mortalibus
265 3767 355 3803 tradidit.
382 3769 437 3805 Bcnc
456 3772 523 3803 eutem
542 3764 605 3801 tacuit
624 3770 661 3800 eto.
674 3784 700 3792 -
728 3764 767 3800 Vr.
788 3770 811 3801 ut
830 3762 869 3801 dic.
888 3765 952 3813 Prop.
971 3764 1005 3801 vel
1028 3762 1072 3802 Tib.

129 3822 194 3859 omitt.
210 3823 276 3860 Guclt.
287 3824 314 3860 R.
328 3825 373 3861 Vos.
401 3825 424 3861 ln
437 3821 541 3871 Propertio
555 3820 605 3857 nihil
619 3819 677 3858 hairu
691 3819 721 3857 rei
736 3826 778 3867 est,
792 3833 853 3869 quare
866 3821 935 3858 Burni.
950 3819 1072 3869 adscriptum

132 3878 235 3919 Tibullum
255 3881 350 3918 credebat
365 3881 388 3919 ab
403 3880 469 3929 aliquo
485 3879 518 3928 qui
538 3879 612 3927 legerat
625 3878 682 3925 ung.
696 3877 721 3921 1,
735 3872 761 3921 8,
774 3875 809 3915 29.
823 3898 848 3906 -
875 3878 898 3913 In
918 3878 961 3913 loco
977 3877 1072 3917 Varronis

129 3936 232 3986 bpdaerce
245 3950 281 3987 pro
296 3936 357 3984 serae
376 3936 439 3974 edidit
454 3938 520 3973 Burm.
541 3942 561 3972 et
579 3945 626 3970 mox
640 3940 749 3972 aratorem.
762 3953 788 3962 -
815 3932 838 3969 ln
852 3932 890 3969 fine
903 3946 940 3983 pro
954 3946 989 3971 vv.
1018 3937 1072 3973 Sam

128 4000 167 4029 etc.
196 3995 233 4031 G.:
254 3996 313 4031 Hunc
333 3996 442 4045 Splvrnunr
461 3992 543 4043 quidam
563 3991 666 4029 funebrem
686 3990 837 4037 dcumpuuat
855 3997 876 4026 at
895 3989 940 4027 ideo
955 4004 1071 4043 cupressum

129 4050 218 4089 tribuunt
232 4050 262 4096 ei,
276 4051 323 4103 qens
337 4052 407 4091 sedern
420 4049 540 4100 erborapts
555 4048 582 4089 sit
593 4047 671 4096 uren.
690 4047 716 4088 sb
729 4045 820 4090 rancun
831 4045 972 4093 infimitatem.
