<?xml version="1.0" encoding="UTF-8"?>
<!DOCTYPE html PUBLIC "-//W3C//DTD XHTML 1.0 Transitional//EN"
    "http://www.w3.org/TR/xhtml1/DTD/xhtml1-transitional.dtd">
<html xmlns="http://www.w3.org/1999/xhtml" xml:lang="en" lang="en">
 <head>
  <title>
</title>
<meta http-equiv="Content-Type" content="text/html;charset=utf-8" />
  <meta name='ocr-system' content='tesseract 3.04.00' />
  <meta name='ocr-capabilities' content='ocr_page ocr_carea ocr_par ocr_line ocrx_word'/>
</head>
<body>
  <div class='ocr_page' id='page_1' title='image "./commentariiinvi01servgoog_0197.png"; bbox 0 0 2288 4514; ppageno 0'>
   <div class='ocr_carea' id='block_1_1' title="bbox 118 218 898 341">
    <p class='ocr_par' dir='ltr' id='par_1_1' title="bbox 118 218 898 341">
     <span class='ocr_line' id='line_1_1' title="bbox 118 218 898 341; baseline -0.009 -1"><span class='ocrx_word' id='word_1_1' title='bbox 118 276 200 341; x_wconf 67' lang='lat'><strong>188¹</strong></span> <span class='ocrx_word' id='word_1_2' title='bbox 370 269 513 333; x_wconf 81' lang='lat' dir='ltr'><strong>sEnvn</strong></span> <span class='ocrx_word' id='word_1_3' title='bbox 537 218 898 335; x_wconf 67' lang='lat' dir='ltr'><strong>constiteramus</strong></span> 
     </span>
    </p>
   </div>
   <div class='ocr_carea' id='block_1_2' title="bbox 17 455 1045 3821">
    <p class='ocr_par' dir='ltr' id='par_1_2' title="bbox 17 455 1045 3821">
     <span class='ocr_line' id='line_1_2' title="bbox 116 455 1045 527; baseline -0.001 -19"><span class='ocrx_word' id='word_1_4' title='bbox 116 457 175 525; x_wconf 78' lang='lat' dir='ltr'><strong>ipre</strong></span> <span class='ocrx_word' id='word_1_5' title='bbox 191 456 334 509; x_wconf 79' lang='lat' dir='ltr'><strong>desiderat.</strong></span> <span class='ocrx_word' id='word_1_6' title='bbox 367 456 403 509; x_wconf 89' lang='lat' dir='ltr'><strong>Et</strong></span> <span class='ocrx_word' id='word_1_7' title='bbox 417 458 471 509; x_wconf 86' lang='lat' dir='ltr'><strong>hoe</strong></span> <span class='ocrx_word' id='word_1_8' title='bbox 489 464 544 520; x_wconf 84' lang='lat' dir='ltr'><strong>est,</strong></span> <span class='ocrx_word' id='word_1_9' title='bbox 567 456 640 525; x_wconf 90' lang='lat' dir='ltr'><strong>quod</strong></span> <span class='ocrx_word' id='word_1_10' title='bbox 657 455 696 507; x_wconf 89' lang='lat' dir='ltr'><strong>ait</strong></span> <span class='ocrx_word' id='word_1_11' title='bbox 711 472 793 527; x_wconf 76' lang='lat' dir='ltr'><strong>suprp</strong></span> <span class='ocrx_word' id='word_1_12' title='bbox 811 457 896 524; x_wconf 83' lang='lat'><strong>(47.):</strong></span> <span class='ocrx_word' id='word_1_13' title='bbox 926 457 980 508; x_wconf 75' lang='lat' dir='ltr'><strong>illa</strong></span> <span class='ocrx_word' id='word_1_14' title='bbox 1005 474 1045 524; x_wconf 78' lang='lat' dir='ltr'><strong>seg</strong></span> 
     </span>
     <span class='ocr_line' id='line_1_3' title="bbox 118 526 1045 593; baseline 0.001 -17"><span class='ocrx_word' id='word_1_15' title='bbox 118 543 195 576; x_wconf 82' lang='lat' dir='ltr'><strong>mum</strong></span> <span class='ocrx_word' id='word_1_16' title='bbox 218 528 290 577; x_wconf 82' lang='lat' dir='ltr'><strong>votis</strong></span> <span class='ocrx_word' id='word_1_17' title='bbox 310 529 454 592; x_wconf 78' lang='lat' dir='ltr'><em>respondet</em></span> <span class='ocrx_word' id='word_1_18' title='bbox 479 526 561 575; x_wconf 79' lang='lat' dir='ltr'><strong>avari</strong></span> <span class='ocrx_word' id='word_1_19' title='bbox 582 526 736 592; x_wconf 80' lang='lat' dir='ltr'><em>Agricolae.</em></span> <span class='ocrx_word' id='word_1_20' title='bbox 772 526 835 593; x_wconf 85' lang='lat' dir='ltr'><strong>[Alii</strong></span> <span class='ocrx_word' id='word_1_21' title='bbox 852 545 890 578; x_wconf 87' lang='lat' dir='ltr'><strong>ue</strong></span> <span class='ocrx_word' id='word_1_22' title='bbox 913 526 1020 578; x_wconf 86' lang='lat' dir='ltr'><strong>liberius</strong></span> <span class='ocrx_word' id='word_1_23' title='bbox 1040 530 1045 577; x_wconf 85' lang='grc'>1</span> 
     </span>
     <span class='ocr_line' id='line_1_4' title="bbox 117 592 1045 665; baseline -0.004 -18"><span class='ocrx_word' id='word_1_24' title='bbox 117 604 187 663; x_wconf 78' lang='lat' dir='ltr'><strong>qnae</strong></span> <span class='ocrx_word' id='word_1_25' title='bbox 205 594 312 659; x_wconf 77' lang='lat' dir='ltr'><strong>volunt,</strong></span> <span class='ocrx_word' id='word_1_26' title='bbox 334 595 381 665; x_wconf 69' lang='lat' dir='ltr'><strong>sed</strong></span> <span class='ocrx_word' id='word_1_27' title='bbox 399 595 470 663; x_wconf 85' lang='lat' dir='ltr'><strong>qnod</strong></span> <span class='ocrx_word' id='word_1_28' title='bbox 495 594 579 647; x_wconf 84' lang='lat' dir='ltr'><strong>fuerit</strong></span> <span class='ocrx_word' id='word_1_29' title='bbox 594 603 698 659; x_wconf 83' lang='lat' dir='ltr'><strong>satum,</strong></span> <span class='ocrx_word' id='word_1_30' title='bbox 720 592 853 657; x_wconf 79' lang='lat' dir='ltr'><strong>tradent]</strong></span> <span class='ocrx_word' id='word_1_31' title='bbox 879 622 907 631; x_wconf 90' lang='lat'>-</span> <span class='ocrx_word' id='word_1_32' title='bbox 943 600 1000 651; x_wconf 74' lang='lat'>100.</span> <span class='ocrx_word' id='word_1_33' title='bbox 1014 592 1045 643; x_wconf 76' lang='lat' dir='ltr'><strong>lli</strong></span> 
     </span>
     <span class='ocr_line' id='line_1_5' title="bbox 144 662 1045 733; baseline 0 -20"><span class='ocrx_word' id='word_1_34' title='bbox 144 670 149 679; x_wconf 92' lang='lat'>&#39;</span> <span class='ocrx_word' id='word_1_35' title='bbox 168 665 249 731; x_wconf 63' lang='lat' dir='ltr'><strong>titio,</strong></span> <span class='ocrx_word' id='word_1_36' title='bbox 267 676 346 729; x_wconf 78' lang='lat' dir='ltr'><strong>atque</strong></span> <span class='ocrx_word' id='word_1_37' title='bbox 365 662 466 715; x_wconf 82' lang='lat' dir='ltr'><strong>biernes</strong></span> <span class='ocrx_word' id='word_1_38' title='bbox 486 676 573 731; x_wconf 84' lang='lat' dir='ltr'><strong>optate</strong></span> <span class='ocrx_word' id='word_1_39' title='bbox 592 663 882 729; x_wconf 71' lang='lat' dir='ltr'><strong>serenosAgric01005</strong></span> <span class='ocrx_word' id='word_1_40' title='bbox 900 663 983 733; x_wconf 76' lang='lat' dir='ltr'><strong>[bene</strong></span> <span class='ocrx_word' id='word_1_41' title='bbox 998 663 1045 715; x_wconf 78' lang='lat' dir='ltr'><strong>ad¹</strong></span> 
     </span>
     <span class='ocr_line' id='line_1_6' title="bbox 116 731 1042 805; baseline -0.004 -20"><span class='ocrx_word' id='word_1_42' title='bbox 116 732 302 805; x_wconf 57' lang='lat' dir='ltr'><strong>qetranstnht,</strong></span> <span class='ocrx_word' id='word_1_43' title='bbox 318 749 407 801; x_wconf 67' lang='lat' dir='ltr'><strong>ireque</strong></span> <span class='ocrx_word' id='word_1_44' title='bbox 421 733 496 785; x_wconf 89' lang='lat' dir='ltr'><strong>enim</strong></span> <span class='ocrx_word' id='word_1_45' title='bbox 511 731 626 783; x_wconf 85' lang='lat' dir='ltr'><strong>rusticus</strong></span> <span class='ocrx_word' id='word_1_46' title='bbox 639 731 712 783; x_wconf 86' lang='lat' dir='ltr'><strong>aliud</strong></span> <span class='ocrx_word' id='word_1_47' title='bbox 726 739 815 799; x_wconf 86' lang='lat' dir='ltr'><strong>potest</strong></span> <span class='ocrx_word' id='word_1_48' title='bbox 828 731 875 781; x_wconf 80' lang='lat' dir='ltr'><strong>hie</strong></span> <span class='ocrx_word' id='word_1_49' title='bbox 890 733 984 784; x_wconf 81' lang='lat' dir='ltr'><strong>facero</strong></span> <span class='ocrx_word' id='word_1_50' title='bbox 998 731 1042 781; x_wconf 88' lang='lat' dir='ltr'><strong>nisi</strong></span> 
     </span>
     <span class='ocr_line' id='line_1_7' title="bbox 115 799 1045 865; baseline -0.002 -14"><span class='ocrx_word' id='word_1_51' title='bbox 115 808 161 865; x_wconf 59' lang='grc' dir='ltr'><strong>»ξε</strong></span> <span class='ocrx_word' id='word_1_52' title='bbox 185 800 261 863; x_wconf 87' lang='lat' dir='ltr'><strong>nam]</strong></span> <span class='ocrx_word' id='word_1_53' title='bbox 279 800 332 851; x_wconf 90' lang='lat' dir='ltr'><strong>duo</strong></span> <span class='ocrx_word' id='word_1_54' title='bbox 349 810 411 851; x_wconf 88' lang='lat' dir='ltr'><strong>sunt</strong></span> <span class='ocrx_word' id='word_1_55' title='bbox 426 800 546 851; x_wconf 88' lang='lat' dir='ltr'><strong>solstitia.</strong></span> <span class='ocrx_word' id='word_1_56' title='bbox 582 801 674 849; x_wconf 87' lang='lat' dir='ltr'><strong>Unum</strong></span> <span class='ocrx_word' id='word_1_57' title='bbox 691 800 750 864; x_wconf 85' lang='lat' dir='ltr'><strong>(est)</strong></span> <span class='ocrx_word' id='word_1_58' title='bbox 768 800 919 858; x_wconf 80' lang='lat' dir='ltr'><strong>aestivum,</strong></span> <span class='ocrx_word' id='word_1_59' title='bbox 937 799 1045 851; x_wconf 78' lang='lat' dir='ltr'><strong>oetarol</strong></span> 
     </span>
     <span class='ocr_line' id='line_1_8' title="bbox 114 868 1045 936; baseline -0.006 -13"><span class='ocrx_word' id='word_1_60' title='bbox 114 868 215 923; x_wconf 80' lang='lat' dir='ltr'><strong>darum</strong></span> <span class='ocrx_word' id='word_1_61' title='bbox 231 869 363 919; x_wconf 80' lang='lat' dir='ltr'><strong>luliarum</strong></span> <span class='ocrx_word' id='word_1_62' title='bbox 381 869 440 933; x_wconf 87' lang='lat' dir='ltr'><strong>die,</strong></span> <span class='ocrx_word' id='word_1_63' title='bbox 463 884 517 936; x_wconf 88' lang='lat' dir='ltr'><strong>qno</strong></span> <span class='ocrx_word' id='word_1_64' title='bbox 535 876 661 936; x_wconf 84' lang='lat' dir='ltr'><strong>ternpore</strong></span> <span class='ocrx_word' id='word_1_65' title='bbox 678 884 804 921; x_wconf 83' lang='lat' dir='ltr'><strong>remeare</strong></span> <span class='ocrx_word' id='word_1_66' title='bbox 822 869 864 918; x_wconf 88' lang='lat' dir='ltr'><strong>sol</strong></span> <span class='ocrx_word' id='word_1_67' title='bbox 887 868 924 921; x_wconf 86' lang='lat' dir='ltr'><strong>ad</strong></span> <span class='ocrx_word' id='word_1_68' title='bbox 940 870 1045 930; x_wconf 61' lang='lat' dir='ltr'><strong>iuti-riou</strong></span> 
     </span>
     <span class='ocr_line' id='line_1_9' title="bbox 116 930 1045 1009; baseline -0.004 -20"><span class='ocrx_word' id='word_1_69' title='bbox 116 937 183 1009; x_wconf 78' lang='lat' dir='ltr'><strong>cipit</strong></span> <span class='ocrx_word' id='word_1_70' title='bbox 197 938 321 989; x_wconf 81' lang='lat' dir='ltr'><strong>circulos.</strong></span> <span class='ocrx_word' id='word_1_71' title='bbox 356 939 390 987; x_wconf 87' lang='lat' dir='ltr'><strong>Et</strong></span> <span class='ocrx_word' id='word_1_72' title='bbox 407 938 479 989; x_wconf 86' lang='lat' dir='ltr'><strong>aliud</strong></span> <span class='ocrx_word' id='word_1_73' title='bbox 497 937 625 1001; x_wconf 77' lang='lat' dir='ltr'><strong>hiemale,</strong></span> <span class='ocrx_word' id='word_1_74' title='bbox 643 943 736 986; x_wconf 87' lang='lat' dir='ltr'><strong>octavu</strong></span> <span class='ocrx_word' id='word_1_75' title='bbox 754 930 863 989; x_wconf 54' lang='lat' dir='ltr'><strong>kalend.</strong></span> <span class='ocrx_word' id='word_1_76' title='bbox 874 937 1045 989; x_wconf 70' lang='lat' dir='ltr'><strong>&#39;Ianuariarum</strong></span> 
     </span>
     <span class='ocr_line' id='line_1_10' title="bbox 114 1002 1045 1075; baseline -0.002 -16"><span class='ocrx_word' id='word_1_77' title='bbox 114 1022 170 1075; x_wconf 83' lang='lat' dir='ltr'><strong>quo</strong></span> <span class='ocrx_word' id='word_1_78' title='bbox 191 1015 317 1073; x_wconf 87' lang='lat' dir='ltr'><strong>tempore</strong></span> <span class='ocrx_word' id='word_1_79' title='bbox 334 1006 373 1056; x_wconf 90' lang='lat' dir='ltr'><strong>sol</strong></span> <span class='ocrx_word' id='word_1_80' title='bbox 390 1006 499 1058; x_wconf 81' lang='lat' dir='ltr'>altiores</span> <span class='ocrx_word' id='word_1_81' title='bbox 521 1006 617 1075; x_wconf 77' lang='lat' dir='ltr'><strong>incipit</strong></span> <span class='ocrx_word' id='word_1_82' title='bbox 633 1005 749 1055; x_wconf 88' lang='lat' dir='ltr'><strong>circulos</strong></span> <span class='ocrx_word' id='word_1_83' title='bbox 772 1002 878 1073; x_wconf 79' lang='lat' dir='ltr'><strong>peiere.</strong></span> <span class='ocrx_word' id='word_1_84' title='bbox 916 1006 992 1057; x_wconf 83' lang='lat' dir='ltr'>Unde</span> <span class='ocrx_word' id='word_1_85' title='bbox 1006 1006 1045 1057; x_wconf 83' lang='lat' dir='ltr'><strong>bie</strong></span> 
     </span>
     <span class='ocr_line' id='line_1_11' title="bbox 113 1073 1045 1140; baseline -0.004 -13"><span class='ocrx_word' id='word_1_86' title='bbox 113 1074 218 1127; x_wconf 79' lang='lat' dir='ltr'><strong>solstitii</strong></span> <span class='ocrx_word' id='word_1_87' title='bbox 241 1076 298 1137; x_wconf 71' lang='lat' dir='ltr'><strong>dies</strong></span> <span class='ocrx_word' id='word_1_88' title='bbox 322 1074 465 1140; x_wconf 84' lang='lat' dir='ltr'><strong>minimus,</strong></span> <span class='ocrx_word' id='word_1_89' title='bbox 487 1074 556 1125; x_wconf 89' lang='lat' dir='ltr'><strong>sicut</strong></span> <span class='ocrx_word' id='word_1_90' title='bbox 577 1073 670 1126; x_wconf 79' lang='lat' dir='ltr'><strong>aestivi</strong></span> <span class='ocrx_word' id='word_1_91' title='bbox 693 1074 827 1133; x_wconf 78' lang='lat' dir='ltr'><strong>maximus</strong></span> <span class='ocrx_word' id='word_1_92' title='bbox 849 1073 993 1126; x_wconf 87' lang='lat' dir='ltr'><strong>invenitur.</strong></span> <span class='ocrx_word' id='word_1_93' title='bbox 1022 1074 1045 1123; x_wconf 79' lang='lat' dir='ltr'><strong>tt</strong></span> 
     </span>
     <span class='ocr_line' id='line_1_12' title="bbox 114 1141 1045 1214; baseline -0.005 -18"><span class='ocrx_word' id='word_1_94' title='bbox 114 1159 182 1213; x_wconf 77' lang='lat' dir='ltr'><strong>ergo</strong></span> <span class='ocrx_word' id='word_1_95' title='bbox 199 1144 369 1194; x_wconf 85' lang='lat' dir='ltr'><strong>eontrarium</strong></span> <span class='ocrx_word' id='word_1_96' title='bbox 388 1160 444 1194; x_wconf 88' lang='lat' dir='ltr'><strong>esse</strong></span> <span class='ocrx_word' id='word_1_97' title='bbox 476 1144 548 1209; x_wconf 87' lang='lat' dir='ltr'><strong>quod</strong></span> <span class='ocrx_word' id='word_1_98' title='bbox 564 1142 644 1194; x_wconf 88' lang='lat' dir='ltr'><strong>dicit:</strong></span> <span class='ocrx_word' id='word_1_99' title='bbox 662 1141 762 1208; x_wconf 84' lang='lat' dir='ltr'><strong>(lptate</strong></span> <span class='ocrx_word' id='word_1_100' title='bbox 779 1141 883 1212; x_wconf 82' lang='lat' dir='ltr'><strong>pluvias</strong></span> <span class='ocrx_word' id='word_1_101' title='bbox 901 1160 953 1214; x_wconf 84' lang='lat' dir='ltr'><strong>per</strong></span> <span class='ocrx_word' id='word_1_102' title='bbox 968 1141 1045 1203; x_wconf 77' lang='lat' dir='ltr'><strong>solstit</strong></span> 
     </span>
     <span class='ocr_line' id='line_1_13' title="bbox 113 1211 1045 1281; baseline -0.006 -14"><span class='ocrx_word' id='word_1_103' title='bbox 113 1229 164 1281; x_wconf 76' lang='lat' dir='ltr'><strong>per</strong></span> <span class='ocrx_word' id='word_1_104' title='bbox 181 1211 303 1264; x_wconf 81' lang='lat' dir='ltr'><strong>hiemem</strong></span> <span class='ocrx_word' id='word_1_105' title='bbox 319 1212 508 1263; x_wconf 73' lang='lat' dir='ltr'><strong>serenitatem:</strong></span> <span class='ocrx_word' id='word_1_106' title='bbox 531 1228 609 1276; x_wconf 88' lang='lat' dir='ltr'><strong>cum,</strong></span> <span class='ocrx_word' id='word_1_107' title='bbox 632 1217 663 1260; x_wconf 89' lang='lat' dir='ltr'><strong>ut</strong></span> <span class='ocrx_word' id='word_1_108' title='bbox 679 1211 809 1275; x_wconf 85' lang='lat' dir='ltr'><strong>diximus,</strong></span> <span class='ocrx_word' id='word_1_109' title='bbox 833 1227 921 1263; x_wconf 90' lang='lat' dir='ltr'><strong>unum</strong></span> <span class='ocrx_word' id='word_1_110' title='bbox 944 1212 1045 1264; x_wconf 79' lang='lat' dir='ltr'><strong>aestimo</strong></span> 
     </span>
     <span class='ocr_line' id='line_1_14' title="bbox 114 1278 1045 1345; baseline -0.006 -10"><span class='ocrx_word' id='word_1_111' title='bbox 114 1289 144 1335; x_wconf 81' lang='lat' dir='ltr'><strong>at</strong></span> <span class='ocrx_word' id='word_1_112' title='bbox 166 1280 240 1331; x_wconf 85' lang='lat' dir='ltr'><strong>aliud</strong></span> <span class='ocrx_word' id='word_1_113' title='bbox 262 1280 380 1332; x_wconf 82' lang='lat' dir='ltr'><strong>hiemale</strong></span> <span class='ocrx_word' id='word_1_114' title='bbox 410 1280 564 1330; x_wconf 75' lang='lat' dir='ltr'><strong>solstitium.</strong></span> <span class='ocrx_word' id='word_1_115' title='bbox 588 1278 658 1330; x_wconf 53' lang='lat' dir='ltr'><strong>1Sed</strong></span> <span class='ocrx_word' id='word_1_116' title='bbox 688 1279 830 1331; x_wconf 88' lang='lat' dir='ltr'><strong>sciendum</strong></span> <span class='ocrx_word' id='word_1_117' title='bbox 854 1280 953 1345; x_wconf 86' lang='lat' dir='ltr'><strong>modo,</strong></span> <span class='ocrx_word' id='word_1_118' title='bbox 980 1296 1045 1331; x_wconf 88' lang='lat' dir='ltr'><strong>annu</strong></span> 
     </span>
     <span class='ocr_line' id='line_1_15' title="bbox 113 1346 1045 1419; baseline -0.002 -18"><span class='ocrx_word' id='word_1_119' title='bbox 113 1357 242 1419; x_wconf 81' lang='lat' dir='ltr'><strong>quattuor</strong></span> <span class='ocrx_word' id='word_1_120' title='bbox 264 1358 355 1416; x_wconf 85' lang='lat' dir='ltr'><strong>partes</strong></span> <span class='ocrx_word' id='word_1_121' title='bbox 379 1363 435 1401; x_wconf 79' lang='lat' dir='ltr'><strong>esee</strong></span> <span class='ocrx_word' id='word_1_122' title='bbox 459 1348 588 1400; x_wconf 87' lang='lat' dir='ltr'><strong>divisum:</strong></span> <span class='ocrx_word' id='word_1_123' title='bbox 612 1349 641 1399; x_wconf 92' lang='lat' dir='ltr'><strong>in</strong></span> <span class='ocrx_word' id='word_1_124' title='bbox 664 1346 718 1397; x_wconf 93' lang='lat' dir='ltr'><strong>duo</strong></span> <span class='ocrx_word' id='word_1_125' title='bbox 742 1348 871 1413; x_wconf 80' lang='lat' dir='ltr'><strong>solstitie,</strong></span> <span class='ocrx_word' id='word_1_126' title='bbox 895 1357 924 1400; x_wconf 91' lang='lat' dir='ltr'><strong>et</strong></span> <span class='ocrx_word' id='word_1_127' title='bbox 939 1348 992 1399; x_wconf 77' lang='lat' dir='ltr'><strong>diro</strong></span> <span class='ocrx_word' id='word_1_128' title='bbox 1006 1364 1045 1416; x_wconf 82' lang='lat' dir='ltr'><strong>aeq</strong></span> 
     </span>
     <span class='ocr_line' id='line_1_16' title="bbox 113 1414 1045 1485; baseline -0.002 -14"><span class='ocrx_word' id='word_1_129' title='bbox 113 1418 181 1471; x_wconf 86' lang='lat' dir='ltr'><strong>etia:</strong></span> <span class='ocrx_word' id='word_1_130' title='bbox 206 1432 291 1469; x_wconf 84' lang='lat' dir='ltr'><strong>untnn</strong></span> <span class='ocrx_word' id='word_1_131' title='bbox 308 1416 431 1482; x_wconf 86' lang='lat' dir='ltr'><strong>vernale,</strong></span> <span class='ocrx_word' id='word_1_132' title='bbox 455 1424 483 1467; x_wconf 89' lang='lat' dir='ltr'><strong>et</strong></span> <span class='ocrx_word' id='word_1_133' title='bbox 499 1417 571 1468; x_wconf 82' lang='lat' dir='ltr'><strong>aliud</strong></span> <span class='ocrx_word' id='word_1_134' title='bbox 589 1416 776 1481; x_wconf 86' lang='lat' dir='ltr'><strong>auctumnale,</strong></span> <span class='ocrx_word' id='word_1_135' title='bbox 793 1432 864 1484; x_wconf 85' lang='lat' dir='ltr'><strong>quae</strong></span> <span class='ocrx_word' id='word_1_136' title='bbox 882 1418 982 1471; x_wconf 84' lang='lat' dir='ltr'><strong>Graeci</strong></span> <span class='ocrx_word' id='word_1_137' title='bbox 997 1414 1045 1485; x_wconf 70' lang='lat' dir='ltr'><strong>ionp</strong></span> 
     </span>
     <span class='ocr_line' id='line_1_17' title="bbox 112 1482 1045 1557; baseline -0.002 -20"><span class='ocrx_word' id='word_1_138' title='bbox 112 1492 216 1539; x_wconf 85' lang='lat' dir='ltr'><strong>vocant.</strong></span> <span class='ocrx_word' id='word_1_139' title='bbox 249 1484 318 1536; x_wconf 84' lang='lat' dir='ltr'>Sunt</span> <span class='ocrx_word' id='word_1_140' title='bbox 334 1494 427 1538; x_wconf 89' lang='lat' dir='ltr'><strong>autem</strong></span> <span class='ocrx_word' id='word_1_141' title='bbox 444 1485 512 1539; x_wconf 76' lang='lat' dir='ltr'><strong>liaeo</strong></span> <span class='ocrx_word' id='word_1_142' title='bbox 530 1492 622 1537; x_wconf 79' lang='lat' dir='ltr'><strong>octavo</strong></span> <span class='ocrx_word' id='word_1_143' title='bbox 640 1482 822 1537; x_wconf 69' lang='lat' dir='ltr'><strong>kilendarum</strong></span> <span class='ocrx_word' id='word_1_144' title='bbox 839 1486 982 1557; x_wconf 80' lang='lat' dir='ltr'><strong>Aprilium,</strong></span> <span class='ocrx_word' id='word_1_145' title='bbox 997 1495 1045 1538; x_wconf 87' lang='lat' dir='ltr'><strong>eto</strong></span> 
     </span>
     <span class='ocr_line' id='line_1_18' title="bbox 112 1553 1045 1622; baseline -0.004 -13"><span class='ocrx_word' id='word_1_146' title='bbox 112 1556 293 1609; x_wconf 67' lang='lat' dir='ltr'><strong>Kalendarum</strong></span> <span class='ocrx_word' id='word_1_147' title='bbox 318 1554 481 1606; x_wconf 73' lang='lat' dir='ltr'><strong>octobrium</strong></span> <span class='ocrx_word' id='word_1_148' title='bbox 504 1554 563 1619; x_wconf 86' lang='lat' dir='ltr'><strong>die,</strong></span> <span class='ocrx_word' id='word_1_149' title='bbox 594 1554 665 1622; x_wconf 88' lang='lat' dir='ltr'><strong>quia&#39;</strong></span> <span class='ocrx_word' id='word_1_150' title='bbox 681 1570 768 1605; x_wconf 84' lang='lat' dir='ltr'><strong>annus</strong></span> <span class='ocrx_word' id='word_1_151' title='bbox 791 1553 858 1604; x_wconf 88' lang='lat' dir='ltr'><strong>olim</strong></span> <span class='ocrx_word' id='word_1_152' title='bbox 881 1554 913 1607; x_wconf 90' lang='lat' dir='ltr'><strong>iu</strong></span> <span class='ocrx_word' id='word_1_153' title='bbox 936 1555 999 1607; x_wconf 78' lang='lat' dir='ltr'><strong>duas</strong></span> <span class='ocrx_word' id='word_1_154' title='bbox 1022 1562 1045 1605; x_wconf 87' lang='lat' dir='ltr'><strong>ta</strong></span> 
     </span>
     <span class='ocr_line' id='line_1_19' title="bbox 111 1621 1045 1697; baseline -0.003 -21"><span class='ocrx_word' id='word_1_155' title='bbox 111 1633 203 1697; x_wconf 81' lang='lat' dir='ltr'><strong>partes</strong></span> <span class='ocrx_word' id='word_1_156' title='bbox 220 1623 402 1687; x_wconf 75' lang='lat' dir='ltr'><strong>dividebatur,</strong></span> <span class='ocrx_word' id='word_1_157' title='bbox 419 1622 471 1673; x_wconf 91' lang='lat' dir='ltr'><strong>hoc</strong></span> <span class='ocrx_word' id='word_1_158' title='bbox 490 1630 530 1675; x_wconf 88' lang='lat' dir='ltr'><strong>est</strong></span> <span class='ocrx_word' id='word_1_159' title='bbox 546 1624 575 1674; x_wconf 91' lang='lat' dir='ltr'><strong>in</strong></span> <span class='ocrx_word' id='word_1_160' title='bbox 592 1621 739 1688; x_wconf 86' lang='lat' dir='ltr'><strong>aestivum,</strong></span> <span class='ocrx_word' id='word_1_161' title='bbox 756 1630 791 1675; x_wconf 74' lang='lat' dir='ltr'><strong>et</strong></span> <span class='ocrx_word' id='word_1_162' title='bbox 799 1623 830 1673; x_wconf 90' lang='lat' dir='ltr'><strong>in</strong></span> <span class='ocrx_word' id='word_1_163' title='bbox 847 1623 968 1675; x_wconf 86' lang='lat' dir='ltr'><strong>hiemale</strong></span> <span class='ocrx_word' id='word_1_164' title='bbox 983 1622 1045 1674; x_wconf 67' lang='lat' dir='ltr'><strong>soliti</strong></span> 
     </span>
     <span class='ocr_line' id='line_1_20' title="bbox 17 1688 1045 1762; baseline -0.003 -15"><span class='ocrx_word' id='word_1_165' title='bbox 17 1724 27 1747; x_wconf 19' lang='grc' dir='ltr'><strong>,κ</strong></span> <span class='ocrx_word' id='word_1_166' title='bbox 112 1702 140 1747; x_wconf 91' lang='lat' dir='ltr'><strong>et</strong></span> <span class='ocrx_word' id='word_1_167' title='bbox 164 1694 194 1745; x_wconf 89' lang='lat' dir='ltr'><strong>in</strong></span> <span class='ocrx_word' id='word_1_168' title='bbox 210 1692 264 1744; x_wconf 87' lang='lat' dir='ltr'><strong>duo</strong></span> <span class='ocrx_word' id='word_1_169' title='bbox 290 1692 508 1762; x_wconf 75' lang='lat' dir='ltr'><strong>hemisphaeris3</strong></span> <span class='ocrx_word' id='word_1_170' title='bbox 535 1700 565 1742; x_wconf 91' lang='lat' dir='ltr'><strong>nt</strong></span> <span class='ocrx_word' id='word_1_171' title='bbox 588 1688 672 1743; x_wconf 80' lang='lat' dir='ltr'><strong>intelst</strong></span> <span class='ocrx_word' id='word_1_172' title='bbox 693 1707 770 1741; x_wconf 82' lang='lat' dir='ltr'><strong>amus</strong></span> <span class='ocrx_word' id='word_1_173' title='bbox 805 1693 901 1743; x_wconf 89' lang='lat' dir='ltr'><strong>omnia</strong></span> <span class='ocrx_word' id='word_1_174' title='bbox 924 1709 987 1744; x_wconf 87' lang='lat' dir='ltr'><strong>eum</strong></span> <span class='ocrx_word' id='word_1_175' title='bbox 1005 1700 1045 1743; x_wconf 76' lang='lat' dir='ltr'><strong>ten</strong></span> 
     </span>
     <span class='ocr_line' id='line_1_21' title="bbox 110 1707 1045 1831; baseline -0.001 -17"><span class='ocrx_word' id='word_1_176' title='bbox 110 1762 224 1815; x_wconf 80' lang='lat' dir='ltr'><strong>voluisse</strong></span> <span class='ocrx_word' id='word_1_177' title='bbox 238 1761 389 1831; x_wconf 76' lang='lat' dir='ltr'><strong>complecti.</strong></span> <span class='ocrx_word' id='word_1_178' title='bbox 422 1760 493 1812; x_wconf 82' lang='lat' dir='ltr'><strong>Nam</strong></span> <span class='ocrx_word' id='word_1_179' title='bbox 508 1760 560 1811; x_wconf 88' lang='lat' dir='ltr'><strong>huc</strong></span> <span class='ocrx_word' id='word_1_180' title='bbox 577 1760 655 1810; x_wconf 87' lang='lat' dir='ltr'><strong>dicit:</strong></span> <span class='ocrx_word' id='word_1_181' title='bbox 673 1707 833 1828; x_wconf 66' lang='lat' dir='ltr'><strong>bpnndum</strong></span> <span class='ocrx_word' id='word_1_182' title='bbox 852 1760 975 1827; x_wconf 82' lang='lat' dir='ltr'><strong>rusticis,</strong></span> <span class='ocrx_word' id='word_1_183' title='bbox 992 1768 1045 1813; x_wconf 84' lang='lat' dir='ltr'><strong>uta</strong></span> 
     </span>
     <span class='ocr_line' id='line_1_22' title="bbox 111 1828 1045 1899; baseline -0.004 -16"><span class='ocrx_word' id='word_1_184' title='bbox 111 1830 198 1883; x_wconf 83' lang='lat' dir='ltr'><strong>mooli</strong></span> <span class='ocrx_word' id='word_1_185' title='bbox 211 1837 238 1883; x_wconf 86' lang='lat' dir='ltr'><strong>et</strong></span> <span class='ocrx_word' id='word_1_186' title='bbox 249 1828 359 1881; x_wconf 85' lang='lat' dir='ltr'><strong>hiemali</strong></span> <span class='ocrx_word' id='word_1_187' title='bbox 373 1837 500 1897; x_wconf 85' lang='lat' dir='ltr'><strong>tempore</strong></span> <span class='ocrx_word' id='word_1_188' title='bbox 514 1830 549 1879; x_wconf 88' lang='lat' dir='ltr'><strong>sit</strong></span> <span class='ocrx_word' id='word_1_189' title='bbox 560 1828 699 1894; x_wconf 79' lang='lat' dir='ltr'><strong>serenitas,</strong></span> <span class='ocrx_word' id='word_1_190' title='bbox 716 1845 786 1897; x_wconf 86' lang='lat' dir='ltr'><strong>quae</strong></span> <span class='ocrx_word' id='word_1_191' title='bbox 799 1829 854 1879; x_wconf 85' lang='lat' dir='ltr'><strong>duo</strong></span> <span class='ocrx_word' id='word_1_192' title='bbox 867 1837 992 1899; x_wconf 85' lang='lat' dir='ltr'><strong>tempora</strong></span> <span class='ocrx_word' id='word_1_193' title='bbox 1007 1844 1045 1898; x_wconf 86' lang='lat' dir='ltr'><strong>pro</strong></span> 
     </span>
     <span class='ocr_line' id='line_1_23' title="bbox 110 1897 1045 1965; baseline -0.007 -11"><span class='ocrx_word' id='word_1_194' title='bbox 110 1900 284 1954; x_wconf 75' lang='lat' dir='ltr'><strong>habebantur</strong></span> <span class='ocrx_word' id='word_1_195' title='bbox 307 1898 457 1950; x_wconf 75' lang='lat' dir='ltr'><strong>secumdum</strong></span> <span class='ocrx_word' id='word_1_196' title='bbox 474 1897 618 1965; x_wconf 79' lang='lat' dir='ltr'><strong>hemicycli</strong></span> <span class='ocrx_word' id='word_1_197' title='bbox 639 1897 792 1962; x_wconf 89' lang='lat' dir='ltr'><strong>rationem,</strong></span> <span class='ocrx_word' id='word_1_198' title='bbox 816 1904 847 1946; x_wconf 92' lang='lat' dir='ltr'><strong>ut</strong></span> <span class='ocrx_word' id='word_1_199' title='bbox 870 1897 991 1949; x_wconf 81' lang='lat' dir='ltr'><strong>diximus.</strong></span> <span class='ocrx_word' id='word_1_200' title='bbox 1020 1898 1045 1948; x_wconf 79' lang='lat' dir='ltr'><strong>Vr</strong></span> 
     </span>
     <span class='ocr_line' id='line_1_24' title="bbox 50 1962 1039 2037; baseline -0.005 -17"><span class='ocrx_word' id='word_1_201' title='bbox 50 1978 53 1983; x_wconf 89' lang='lat'>&#39;</span> <span class='ocrx_word' id='word_1_202' title='bbox 110 1962 190 2034; x_wconf 63' lang='lat' dir='ltr'><strong>vero,</strong></span> <span class='ocrx_word' id='word_1_203' title='bbox 214 1976 242 2020; x_wconf 92' lang='lat' dir='ltr'><strong>et</strong></span> <span class='ocrx_word' id='word_1_204' title='bbox 258 1967 357 2019; x_wconf 84' lang='lat' dir='ltr'><strong>aestivo</strong></span> <span class='ocrx_word' id='word_1_205' title='bbox 381 1973 506 2036; x_wconf 86' lang='lat' dir='ltr'><strong>tempore</strong></span> <span class='ocrx_word' id='word_1_206' title='bbox 530 1975 560 2016; x_wconf 90' lang='lat' dir='ltr'><strong>ut</strong></span> <span class='ocrx_word' id='word_1_207' title='bbox 575 1967 628 2019; x_wconf 87' lang='lat' dir='ltr'><strong>aiut</strong></span> <span class='ocrx_word' id='word_1_208' title='bbox 645 1965 765 2035; x_wconf 88' lang='lat' dir='ltr'><strong>pluviae:</strong></span> <span class='ocrx_word' id='word_1_209' title='bbox 789 1964 860 2033; x_wconf 83' lang='lat' dir='ltr'><strong>quae</strong></span> <span class='ocrx_word' id='word_1_210' title='bbox 877 1975 906 2019; x_wconf 93' lang='lat' dir='ltr'><strong>et</strong></span> <span class='ocrx_word' id='word_1_211' title='bbox 921 1967 978 2037; x_wconf 82' lang='lat' dir='ltr'><strong>ipsa</strong></span> <span class='ocrx_word' id='word_1_212' title='bbox 993 1966 1039 2018; x_wconf 84' lang='lat' dir='ltr'><strong>duo</strong></span> 
     </span>
     <span class='ocr_line' id='line_1_25' title="bbox 130 2030 1045 2107; baseline -0.005 -18"><span class='ocrx_word' id='word_1_213' title='bbox 130 2054 178 2089; x_wconf 87' lang='lat' dir='ltr'><strong>ora</strong></span> <span class='ocrx_word' id='word_1_214' title='bbox 202 2052 252 2107; x_wconf 88' lang='lat' dir='ltr'><strong>pro</strong></span> <span class='ocrx_word' id='word_1_215' title='bbox 275 2048 330 2086; x_wconf 87' lang='lat' dir='ltr'><strong>uno</strong></span> <span class='ocrx_word' id='word_1_216' title='bbox 349 2043 436 2086; x_wconf 89' lang='lat' dir='ltr'><strong>erant.</strong></span> <span class='ocrx_word' id='word_1_217' title='bbox 470 2036 578 2087; x_wconf 88' lang='lat' dir='ltr'><strong>Tamen</strong></span> <span class='ocrx_word' id='word_1_218' title='bbox 602 2033 624 2084; x_wconf 87' lang='lat' dir='ltr'><strong>si</strong></span> <span class='ocrx_word' id='word_1_219' title='bbox 647 2033 793 2102; x_wconf 82' lang='lat' dir='ltr'><strong>diligenter</strong></span> <span class='ocrx_word' id='word_1_220' title='bbox 817 2030 1001 2101; x_wconf 67' lang='lat' dir='ltr'><strong>attendimus,</strong></span> <span class='ocrx_word' id='word_1_221' title='bbox 1023 2048 1045 2105; x_wconf 80' lang='lat' dir='ltr'><strong>pt</strong></span> 
     </span>
     <span class='ocr_line' id='line_1_26' title="bbox 108 2056 1045 2173; baseline -0.004 -14"><span class='ocrx_word' id='word_1_222' title='bbox 108 2056 219 2159; x_wconf 63' lang='lat' dir='ltr'><strong>Ecentia</strong></span> <span class='ocrx_word' id='word_1_223' title='bbox 236 2112 275 2157; x_wconf 84' lang='lat' dir='ltr'><strong>est</strong></span> <span class='ocrx_word' id='word_1_224' title='bbox 299 2120 373 2167; x_wconf 88' lang='lat' dir='ltr'><strong>usus,</strong></span> <span class='ocrx_word' id='word_1_225' title='bbox 396 2110 427 2152; x_wconf 92' lang='lat' dir='ltr'><strong>ut</strong></span> <span class='ocrx_word' id='word_1_226' title='bbox 449 2104 584 2170; x_wconf 88' lang='lat' dir='ltr'><strong>pluralem</strong></span> <span class='ocrx_word' id='word_1_227' title='bbox 607 2106 756 2154; x_wconf 84' lang='lat' dir='ltr'><strong>numerum</strong></span> <span class='ocrx_word' id='word_1_228' title='bbox 778 2119 828 2173; x_wconf 88' lang='lat' dir='ltr'><strong>pro</strong></span> <span class='ocrx_word' id='word_1_229' title='bbox 853 2103 985 2172; x_wconf 83' lang='lat' dir='ltr'><strong>singulari</strong></span> <span class='ocrx_word' id='word_1_230' title='bbox 1004 2119 1045 2173; x_wconf 81' lang='lat' dir='ltr'><strong>pot</strong></span> 
     </span>
     <span class='ocr_line' id='line_1_27' title="bbox 109 2170 1025 2243; baseline -0.005 -15"><span class='ocrx_word' id='word_1_231' title='bbox 109 2191 176 2229; x_wconf 85' lang='lat' dir='ltr'><strong>nam</strong></span> <span class='ocrx_word' id='word_1_232' title='bbox 193 2174 316 2225; x_wconf 81' lang='lat' dir='ltr'><strong>solstitia</strong></span> <span class='ocrx_word' id='word_1_233' title='bbox 341 2186 391 2238; x_wconf 88' lang='lat' dir='ltr'><strong>pro</strong></span> <span class='ocrx_word' id='word_1_234' title='bbox 415 2172 542 2237; x_wconf 85' lang='lat' dir='ltr'><strong>solstitio,</strong></span> <span class='ocrx_word' id='word_1_235' title='bbox 567 2181 596 2224; x_wconf 90' lang='lat' dir='ltr'><strong>et</strong></span> <span class='ocrx_word' id='word_1_236' title='bbox 617 2170 719 2223; x_wconf 83' lang='lat' dir='ltr'><strong>hiemes</strong></span> <span class='ocrx_word' id='word_1_237' title='bbox 742 2182 792 2241; x_wconf 82' lang='lat' dir='ltr'><strong>prb</strong></span> <span class='ocrx_word' id='word_1_238' title='bbox 816 2171 910 2224; x_wconf 84' lang='lat' dir='ltr'><strong>hieme</strong></span> <span class='ocrx_word' id='word_1_239' title='bbox 933 2174 1025 2243; x_wconf 77' lang='lat' dir='ltr'><strong>pontit.</strong></span> 
     </span>
     <span class='ocr_line' id='line_1_28' title="bbox 108 2240 1045 2310; baseline -0.005 -14"><span class='ocrx_word' id='word_1_240' title='bbox 108 2252 222 2297; x_wconf 85' lang='lat' dir='ltr'><strong>autem:</strong></span> <span class='ocrx_word' id='word_1_241' title='bbox 239 2240 366 2310; x_wconf 83' lang='lat' dir='ltr'><strong>Optanda</strong></span> <span class='ocrx_word' id='word_1_242' title='bbox 390 2240 474 2304; x_wconf 87' lang='lat' dir='ltr'><strong>haee,</strong></span> <span class='ocrx_word' id='word_1_243' title='bbox 497 2257 567 2308; x_wconf 87' lang='lat' dir='ltr'><strong>quae</strong></span> <span class='ocrx_word' id='word_1_244' title='bbox 589 2257 639 2308; x_wconf 87' lang='lat' dir='ltr'><strong>per</strong></span> <span class='ocrx_word' id='word_1_245' title='bbox 656 2248 784 2292; x_wconf 84' lang='lat' dir='ltr'><strong>naturam</strong></span> <span class='ocrx_word' id='word_1_246' title='bbox 802 2256 860 2292; x_wconf 90' lang='lat' dir='ltr'><strong>non</strong></span> <span class='ocrx_word' id='word_1_247' title='bbox 876 2250 956 2307; x_wconf 84' lang='lat' dir='ltr'><strong>simt,</strong></span> <span class='ocrx_word' id='word_1_248' title='bbox 976 2255 1025 2310; x_wconf 77' lang='lat' dir='ltr'><strong>quo</strong></span> <span class='ocrx_word' id='word_1_249' title='bbox 1043 2256 1045 2262; x_wconf 83' lang='grc'><strong>’</strong></span> 
     </span>
     <span class='ocr_line' id='line_1_29' title="bbox 109 2308 1045 2381; baseline -0.004 -18"><span class='ocrx_word' id='word_1_250' title='bbox 109 2312 249 2379; x_wconf 81' lang='lat' dir='ltr'><strong>utriusque</strong></span> <span class='ocrx_word' id='word_1_251' title='bbox 266 2309 397 2379; x_wconf 87' lang='lat' dir='ltr'><strong>temporis</strong></span> <span class='ocrx_word' id='word_1_252' title='bbox 415 2310 545 2374; x_wconf 85' lang='lat' dir='ltr'><strong>asperitas</strong></span> <span class='ocrx_word' id='word_1_253' title='bbox 562 2309 699 2375; x_wconf 75' lang='lat' dir='ltr'><strong>mitigeri:</strong></span> <span class='ocrx_word' id='word_1_254' title='bbox 716 2317 745 2360; x_wconf 85' lang='lat' dir='ltr'><strong>et</strong></span> <span class='ocrx_word' id='word_1_255' title='bbox 759 2310 871 2362; x_wconf 78' lang='lat' dir='ltr'><strong>aestatis</strong></span> <span class='ocrx_word' id='word_1_256' title='bbox 887 2310 963 2361; x_wconf 88' lang='lat' dir='ltr'><strong>calor</strong></span> <span class='ocrx_word' id='word_1_257' title='bbox 979 2308 1045 2381; x_wconf 82' lang='lat' dir='ltr'><strong>pluri</strong></span> 
     </span>
     <span class='ocr_line' id='line_1_30' title="bbox 107 2374 1045 2447; baseline -0.003 -16"><span class='ocrx_word' id='word_1_258' title='bbox 107 2379 195 2446; x_wconf 70' lang='lat' dir='ltr'><strong>frigus</strong></span> <span class='ocrx_word' id='word_1_259' title='bbox 212 2378 311 2430; x_wconf 88' lang='lat' dir='ltr'><strong>hiemis</strong></span> <span class='ocrx_word' id='word_1_260' title='bbox 327 2376 480 2429; x_wconf 82' lang='lat' dir='ltr'><strong>serenitatis</strong></span> <span class='ocrx_word' id='word_1_261' title='bbox 497 2386 599 2447; x_wconf 88' lang='lat' dir='ltr'><strong>tepore.</strong></span> <span class='ocrx_word' id='word_1_262' title='bbox 634 2377 714 2445; x_wconf 89' lang='lat' dir='ltr'><strong>[Sane</strong></span> <span class='ocrx_word' id='word_1_263' title='bbox 737 2374 850 2446; x_wconf 72' lang='lat' dir='ltr'><strong>quidam</strong></span> <span class='ocrx_word' id='word_1_264' title='bbox 868 2376 996 2430; x_wconf 76' lang='lat' dir='ltr'><strong>humido·</strong></span> <span class='ocrx_word' id='word_1_265' title='bbox 1008 2377 1045 2429; x_wconf 86' lang='lat' dir='ltr'><strong>sol</strong></span> 
     </span>
     <span class='ocr_line' id='line_1_31' title="bbox 110 2446 1035 2516; baseline -0.003 -17"><span class='ocrx_word' id='word_1_266' title='bbox 110 2460 191 2515; x_wconf 78' lang='lat' dir='ltr'><strong>atque</strong></span> <span class='ocrx_word' id='word_1_267' title='bbox 210 2447 313 2498; x_wconf 84' lang='lat' dir='ltr'><strong>hiemes</strong></span> <span class='ocrx_word' id='word_1_268' title='bbox 339 2458 413 2497; x_wconf 87' lang='lat' dir='ltr'><strong>orate</strong></span> <span class='ocrx_word' id='word_1_269' title='bbox 439 2464 565 2511; x_wconf 85' lang='lat' dir='ltr'><strong>serenos,</strong></span> <span class='ocrx_word' id='word_1_270' title='bbox 588 2464 639 2516; x_wconf 92' lang='lat' dir='ltr'><strong>pro</strong></span> <span class='ocrx_word' id='word_1_271' title='bbox 663 2447 775 2498; x_wconf 89' lang='lat' dir='ltr'><strong>hiemali</strong></span> <span class='ocrx_word' id='word_1_272' title='bbox 797 2454 908 2499; x_wconf 80' lang='lat' dir='ltr'><strong>tantum</strong></span> <span class='ocrx_word' id='word_1_273' title='bbox 930 2446 1035 2498; x_wconf 81' lang='lat' dir='ltr'><strong>solstitio</strong></span> 
     </span>
     <span class='ocr_line' id='line_1_32' title="bbox 108 2514 1045 2589; baseline -0.003 -21"><span class='ocrx_word' id='word_1_274' title='bbox 108 2516 201 2589; x_wconf 87' lang='lat' dir='ltr'><strong>piunt,</strong></span> <span class='ocrx_word' id='word_1_275' title='bbox 217 2517 271 2568; x_wconf 88' lang='lat' dir='ltr'><strong>hoc</strong></span> <span class='ocrx_word' id='word_1_276' title='bbox 289 2523 328 2566; x_wconf 89' lang='lat' dir='ltr'><strong>est</strong></span> <span class='ocrx_word' id='word_1_277' title='bbox 346 2531 377 2565; x_wconf 89' lang='lat' dir='ltr'><strong>ea</strong></span> <span class='ocrx_word' id='word_1_278' title='bbox 394 2514 519 2579; x_wconf 85' lang='lat' dir='ltr'><strong>solstitia,</strong></span> <span class='ocrx_word' id='word_1_279' title='bbox 535 2528 605 2582; x_wconf 83' lang='lat' dir='ltr'><strong>quae</strong></span> <span class='ocrx_word' id='word_1_280' title='bbox 622 2515 736 2567; x_wconf 86' lang='lat' dir='ltr'><strong>humida</strong></span> <span class='ocrx_word' id='word_1_281' title='bbox 752 2514 862 2567; x_wconf 80' lang='lat' dir='ltr'><strong>hiberni</strong></span> <span class='ocrx_word' id='word_1_282' title='bbox 878 2516 1008 2587; x_wconf 87' lang='lat' dir='ltr'><strong>temporis</strong></span> <span class='ocrx_word' id='word_1_283' title='bbox 1022 2532 1045 2565; x_wconf 84' lang='lat' dir='ltr'><strong>re</strong></span> 
     </span>
     <span class='ocr_line' id='line_1_33' title="bbox 108 2582 1045 2651; baseline -0.005 -12"><span class='ocrx_word' id='word_1_284' title='bbox 108 2602 166 2639; x_wconf 87' lang='lat' dir='ltr'><strong>esse</strong></span> <span class='ocrx_word' id='word_1_285' title='bbox 185 2601 294 2637; x_wconf 85' lang='lat' dir='ltr'><strong>necesse</strong></span> <span class='ocrx_word' id='word_1_286' title='bbox 312 2592 363 2635; x_wconf 84' lang='lat' dir='ltr'><strong>est:</strong></span> <span class='ocrx_word' id='word_1_287' title='bbox 388 2599 454 2634; x_wconf 87' lang='lat' dir='ltr'><strong>nam</strong></span> <span class='ocrx_word' id='word_1_288' title='bbox 472 2583 580 2635; x_wconf 82' lang='lat' dir='ltr'><strong>aestatis</strong></span> <span class='ocrx_word' id='word_1_289' title='bbox 597 2583 711 2635; x_wconf 87' lang='lat' dir='ltr'><strong>solstitia</strong></span> <span class='ocrx_word' id='word_1_290' title='bbox 735 2583 849 2636; x_wconf 84' lang='lat' dir='ltr'><strong>humida</strong></span> <span class='ocrx_word' id='word_1_291' title='bbox 866 2601 925 2636; x_wconf 88' lang='lat' dir='ltr'><strong>esse</strong></span> <span class='ocrx_word' id='word_1_292' title='bbox 943 2582 998 2636; x_wconf 78' lang='lat' dir='ltr'><strong>n&#39;on</strong></span> <span class='ocrx_word' id='word_1_293' title='bbox 1012 2599 1045 2651; x_wconf 85' lang='lat' dir='ltr'><strong>po</strong></span> 
     </span>
     <span class='ocr_line' id='line_1_34' title="bbox 108 2650 1045 2720; baseline -0.003 -15"><span class='ocrx_word' id='word_1_294' title='bbox 108 2662 139 2705; x_wconf 89' lang='lat' dir='ltr'><strong>ut</strong></span> <span class='ocrx_word' id='word_1_295' title='bbox 155 2652 205 2704; x_wconf 87' lang='lat' dir='ltr'><strong>sub</strong></span> <span class='ocrx_word' id='word_1_296' title='bbox 224 2669 277 2704; x_wconf 87' lang='lat' dir='ltr'><strong>una</strong></span> <span class='ocrx_word' id='word_1_297' title='bbox 294 2650 492 2720; x_wconf 77' lang='lat' dir='ltr'><strong>significatione</strong></span> <span class='ocrx_word' id='word_1_298' title='bbox 509 2652 613 2703; x_wconf 88' lang='lat' dir='ltr'><strong>dictum</strong></span> <span class='ocrx_word' id='word_1_299' title='bbox 634 2652 671 2715; x_wconf 82' lang='lat' dir='ltr'><strong>sit</strong></span> <span class='ocrx_word' id='word_1_300' title='bbox 693 2652 809 2703; x_wconf 79' lang='lat' dir='ltr'><strong>hurnida</strong></span> <span class='ocrx_word' id='word_1_301' title='bbox 835 2654 960 2705; x_wconf 81' lang='lat' dir='ltr'><strong>solstitie</strong></span> <span class='ocrx_word' id='word_1_302' title='bbox 978 2666 1045 2719; x_wconf 68' lang='lat' dir='ltr'><strong>etqui</strong></span> 
     </span>
     <span class='ocr_line' id='line_1_35' title="bbox 109 2720 1045 2792; baseline -0.003 -19"><span class='ocrx_word' id='word_1_303' title='bbox 109 2741 180 2788; x_wconf 87' lang='lat' dir='ltr'><strong>mes,</strong></span> <span class='ocrx_word' id='word_1_304' title='bbox 204 2722 277 2792; x_wconf 88' lang='lat' dir='ltr'><strong>quod</strong></span> <span class='ocrx_word' id='word_1_305' title='bbox 302 2720 447 2773; x_wconf 91' lang='lat' dir='ltr'><strong>ostendunt</strong></span> <span class='ocrx_word' id='word_1_306' title='bbox 469 2720 676 2787; x_wconf 79' lang='lat' dir='ltr'><strong>subsequentia,</strong></span> <span class='ocrx_word' id='word_1_307' title='bbox 705 2721 823 2789; x_wconf 86' lang='lat' dir='ltr'><strong>hiberno</strong></span> <span class='ocrx_word' id='word_1_308' title='bbox 853 2721 1000 2773; x_wconf 86' lang='lat' dir='ltr'><strong>laetissima</strong></span> <span class='ocrx_word' id='word_1_309' title='bbox 1020 2736 1045 2792; x_wconf 85' lang='lat' dir='ltr'><strong>pt</strong></span> 
     </span>
     <span class='ocr_line' id='line_1_36' title="bbox 106 2788 1045 2863; baseline -0.004 -18"><span class='ocrx_word' id='word_1_310' title='bbox 106 2792 190 2845; x_wconf 79' lang='lat' dir='ltr'><strong>farra.</strong></span> <span class='ocrx_word' id='word_1_311' title='bbox 224 2791 320 2859; x_wconf 85' lang='lat' dir='ltr'><strong>Neque</strong></span> <span class='ocrx_word' id='word_1_312' title='bbox 336 2791 410 2841; x_wconf 89' lang='lat' dir='ltr'><strong>enim</strong></span> <span class='ocrx_word' id='word_1_313' title='bbox 424 2788 525 2857; x_wconf 85' lang='lat' dir='ltr'><strong>aliquid</strong></span> <span class='ocrx_word' id='word_1_314' title='bbox 539 2789 572 2839; x_wconf 85' lang='lat' dir='ltr'><strong>de</strong></span> <span class='ocrx_word' id='word_1_315' title='bbox 586 2788 693 2840; x_wconf 87' lang='lat' dir='ltr'><strong>aestatis</strong></span> <span class='ocrx_word' id='word_1_316' title='bbox 706 2790 820 2841; x_wconf 90' lang='lat' dir='ltr'><strong>solstitio</strong></span> <span class='ocrx_word' id='word_1_317' title='bbox 835 2788 876 2841; x_wconf 91' lang='lat' dir='ltr'><strong>vel</strong></span> <span class='ocrx_word' id='word_1_318' title='bbox 890 2798 1012 2863; x_wconf 83' lang='lat' dir='ltr'><strong>tempore</strong></span> <span class='ocrx_word' id='word_1_319' title='bbox 1024 2806 1045 2841; x_wconf 80' lang='lat' dir='ltr'><strong>m</strong></span> 
     </span>
     <span class='ocr_line' id='line_1_37' title="bbox 106 2852 1045 2927; baseline -0.004 -14"><span class='ocrx_word' id='word_1_320' title='bbox 106 2860 184 2913; x_wconf 83' lang='lat' dir='ltr'><strong>ravit.</strong></span> <span class='ocrx_word' id='word_1_321' title='bbox 217 2860 269 2910; x_wconf 82' lang='lat' dir='ltr'><strong>Sed</strong></span> <span class='ocrx_word' id='word_1_322' title='bbox 292 2859 382 2912; x_wconf 82' lang='lat' dir='ltr'><strong>verior</strong></span> <span class='ocrx_word' id='word_1_323' title='bbox 407 2857 535 2927; x_wconf 69' lang='lat' dir='ltr'><strong>expositio</strong></span> <span class='ocrx_word' id='word_1_324' title='bbox 560 2857 613 2908; x_wconf 88' lang='lat' dir='ltr'><strong>hoc</strong></span> <span class='ocrx_word' id='word_1_325' title='bbox 636 2858 734 2909; x_wconf 91' lang='lat' dir='ltr'><strong>habet:</strong></span> <span class='ocrx_word' id='word_1_326' title='bbox 760 2858 877 2908; x_wconf 72' lang='lat' dir='ltr'><strong>humido</strong></span> <span class='ocrx_word' id='word_1_327' title='bbox 902 2852 1023 2913; x_wconf 76' lang='lat' dir='ltr'><strong>solstitio</strong></span> <span class='ocrx_word' id='word_1_328' title='bbox 1044 2894 1045 2901; x_wconf 22' lang='grc' dir='ltr'><strong>κ</strong></span> 
     </span>
     <span class='ocr_line' id='line_1_38' title="bbox 107 2926 1045 2994; baseline -0.001 -16"><span class='ocrx_word' id='word_1_329' title='bbox 107 2928 210 2980; x_wconf 81' lang='lat' dir='ltr'><strong>hiemes</strong></span> <span class='ocrx_word' id='word_1_330' title='bbox 229 2941 306 2979; x_wconf 86' lang='lat' dir='ltr'><strong>orote</strong></span> <span class='ocrx_word' id='word_1_331' title='bbox 325 2945 438 2977; x_wconf 83' lang='lat' dir='ltr'><strong>serenas</strong></span> <span class='ocrx_word' id='word_1_332' title='bbox 459 2926 614 2992; x_wconf 82' lang='lat' dir='ltr'><strong>Agricolae,</strong></span> <span class='ocrx_word' id='word_1_333' title='bbox 630 2942 686 2977; x_wconf 90' lang='lat' dir='ltr'><strong>non</strong></span> <span class='ocrx_word' id='word_1_334' title='bbox 703 2928 776 2994; x_wconf 89' lang='lat' dir='ltr'><strong>quod</strong></span> <span class='ocrx_word' id='word_1_335' title='bbox 793 2927 912 2978; x_wconf 80' lang='lat' dir='ltr'><strong>hurnido</strong></span> <span class='ocrx_word' id='word_1_336' title='bbox 931 2944 987 2982; x_wconf 85' lang='lat' dir='ltr'><strong>esse</strong></span> <span class='ocrx_word' id='word_1_337' title='bbox 1005 2926 1045 2979; x_wconf 85' lang='lat' dir='ltr'><strong>del</strong></span> 
     </span>
     <span class='ocr_line' id='line_1_39' title="bbox 106 2995 1038 3063; baseline -0.005 -13"><span class='ocrx_word' id='word_1_338' title='bbox 106 2998 154 3050; x_wconf 88' lang='lat' dir='ltr'><strong>sed</strong></span> <span class='ocrx_word' id='word_1_339' title='bbox 178 2997 294 3047; x_wconf 83' lang='lat' dir='ltr'><strong>humida</strong></span> <span class='ocrx_word' id='word_1_340' title='bbox 318 2998 441 3048; x_wconf 83' lang='lat' dir='ltr'><strong>solstitia</strong></span> <span class='ocrx_word' id='word_1_341' title='bbox 464 2995 603 3063; x_wconf 88' lang='lat' dir='ltr'><strong>epitheton</strong></span> <span class='ocrx_word' id='word_1_342' title='bbox 627 2995 728 3046; x_wconf 89' lang='lat' dir='ltr'><strong>hiemis</strong></span> <span class='ocrx_word' id='word_1_343' title='bbox 753 3002 808 3060; x_wconf 87' lang='lat' dir='ltr'><strong>est,</strong></span> <span class='ocrx_word' id='word_1_344' title='bbox 832 3004 861 3048; x_wconf 88' lang='lat' dir='ltr'><strong>et</strong></span> <span class='ocrx_word' id='word_1_345' title='bbox 883 2997 968 3048; x_wconf 87' lang='lat' dir='ltr'><strong>modo</strong></span> <span class='ocrx_word' id='word_1_346' title='bbox 990 2996 1038 3049; x_wconf 85' lang='lat' dir='ltr'><strong>boc</strong></span> 
     </span>
     <span class='ocr_line' id='line_1_40' title="bbox 106 3064 1035 3133; baseline -0.008 -14"><span class='ocrx_word' id='word_1_347' title='bbox 106 3065 219 3119; x_wconf 85' lang='lat' dir='ltr'><strong>solstitia</strong></span> <span class='ocrx_word' id='word_1_348' title='bbox 236 3066 281 3115; x_wconf 87' lang='lat' dir='ltr'><strong>illu</strong></span> <span class='ocrx_word' id='word_1_349' title='bbox 298 3083 369 3133; x_wconf 81' lang='lat' dir='ltr'><strong>quae</strong></span> <span class='ocrx_word' id='word_1_350' title='bbox 386 3064 498 3115; x_wconf 85' lang='lat' dir='ltr'><strong>humida</strong></span> <span class='ocrx_word' id='word_1_351' title='bbox 517 3073 578 3113; x_wconf 88' lang='lat' dir='ltr'><strong>sunt</strong></span> <span class='ocrx_word' id='word_1_352' title='bbox 594 3064 772 3129; x_wconf 80' lang='lat' dir='ltr'><strong>naturaliter,</strong></span> <span class='ocrx_word' id='word_1_353' title='bbox 788 3065 805 3114; x_wconf 86' lang='lat' dir='ltr'><strong>i.</strong></span> <span class='ocrx_word' id='word_1_354' title='bbox 824 3082 847 3115; x_wconf 90' lang='lat' dir='ltr'><strong>e.</strong></span> <span class='ocrx_word' id='word_1_355' title='bbox 861 3064 999 3132; x_wconf 83' lang='lat' dir='ltr'><strong>hiberna,</strong></span> <span class='ocrx_word' id='word_1_356' title='bbox 1019 3079 1035 3112; x_wconf 89' lang='lat' dir='ltr'><strong>o</strong></span> 
     </span>
     <span class='ocr_line' id='line_1_41' title="bbox 106 3131 1045 3198; baseline -0.003 -12"><span class='ocrx_word' id='word_1_357' title='bbox 106 3134 191 3198; x_wconf 83' lang='lat' dir='ltr'><strong>colae,</strong></span> <span class='ocrx_word' id='word_1_358' title='bbox 209 3140 236 3186; x_wconf 84' lang='lat' dir='ltr'><strong>at</strong></span> <span class='ocrx_word' id='word_1_359' title='bbox 252 3134 356 3185; x_wconf 88' lang='lat' dir='ltr'><strong>hiemes</strong></span> <span class='ocrx_word' id='word_1_360' title='bbox 373 3149 483 3185; x_wconf 85' lang='lat' dir='ltr'><strong>serenas</strong></span> <span class='ocrx_word' id='word_1_361' title='bbox 502 3139 592 3196; x_wconf 79' lang='lat' dir='ltr'><strong>orate,</strong></span> <span class='ocrx_word' id='word_1_362' title='bbox 609 3131 662 3182; x_wconf 89' lang='lat' dir='ltr'><strong>nisi</strong></span> <span class='ocrx_word' id='word_1_363' title='bbox 677 3131 755 3184; x_wconf 90' lang='lat' dir='ltr'><strong>enim</strong></span> <span class='ocrx_word' id='word_1_364' title='bbox 772 3149 902 3185; x_wconf 89' lang='lat' dir='ltr'><strong>serenum</strong></span> <span class='ocrx_word' id='word_1_365' title='bbox 920 3132 1045 3187; x_wconf 87' lang='lat' dir='ltr'><strong>caeluml</strong></span> 
     </span>
     <span class='ocr_line' id='line_1_42' title="bbox 106 3199 1045 3271; baseline -0.003 -17"><span class='ocrx_word' id='word_1_366' title='bbox 106 3220 157 3255; x_wconf 90' lang='lat' dir='ltr'><strong>nec</strong></span> <span class='ocrx_word' id='word_1_367' title='bbox 175 3201 229 3254; x_wconf 87' lang='lat' dir='ltr'><strong>seri</strong></span> <span class='ocrx_word' id='word_1_368' title='bbox 252 3202 368 3271; x_wconf 83' lang='lat' dir='ltr'><strong>poterit,</strong></span> <span class='ocrx_word' id='word_1_369' title='bbox 391 3218 442 3252; x_wconf 90' lang='lat' dir='ltr'><strong>nec</strong></span> <span class='ocrx_word' id='word_1_370' title='bbox 468 3200 555 3264; x_wconf 83' lang='lat' dir='ltr'><strong>arari,</strong></span> <span class='ocrx_word' id='word_1_371' title='bbox 578 3207 609 3248; x_wconf 89' lang='lat' dir='ltr'><strong>ut</strong></span> <span class='ocrx_word' id='word_1_372' title='bbox 631 3200 688 3268; x_wconf 88' lang='lat' dir='ltr'><strong>ipse</strong></span> <span class='ocrx_word' id='word_1_373' title='bbox 713 3199 778 3250; x_wconf 83' lang='lat' dir='ltr'><strong>dixit</strong></span> <span class='ocrx_word' id='word_1_374' title='bbox 800 3201 830 3252; x_wconf 90' lang='lat' dir='ltr'><strong>in</strong></span> <span class='ocrx_word' id='word_1_375' title='bbox 853 3202 991 3270; x_wconf 87' lang='lat' dir='ltr'><strong>sequenti:</strong></span> <span class='ocrx_word' id='word_1_376' title='bbox 1014 3200 1045 3252; x_wconf 82' lang='lat' dir='ltr'><strong>bii</strong></span> 
     </span>
     <span class='ocr_line' id='line_1_43' title="bbox 106 3267 1042 3340; baseline 0.001 -20"><span class='ocrx_word' id='word_1_377' title='bbox 106 3271 261 3325; x_wconf 79' lang='lat' dir='ltr'><strong>laetissimo</strong></span> <span class='ocrx_word' id='word_1_378' title='bbox 276 3272 386 3336; x_wconf 86' lang='lat' dir='ltr'><strong>pulvere</strong></span> <span class='ocrx_word' id='word_1_379' title='bbox 394 3268 489 3338; x_wconf 82' lang='lat' dir='ltr'><strong>farrn.</strong></span> <span class='ocrx_word' id='word_1_380' title='bbox 524 3267 582 3318; x_wconf 90' lang='lat' dir='ltr'><strong>Nisi</strong></span> <span class='ocrx_word' id='word_1_381' title='bbox 597 3270 672 3319; x_wconf 90' lang='lat' dir='ltr'><strong>enim</strong></span> <span class='ocrx_word' id='word_1_382' title='bbox 685 3285 816 3321; x_wconf 87' lang='lat' dir='ltr'><strong>serenum</strong></span> <span class='ocrx_word' id='word_1_383' title='bbox 829 3270 923 3334; x_wconf 85' lang='lat' dir='ltr'><strong>fuerit,</strong></span> <span class='ocrx_word' id='word_1_384' title='bbox 935 3271 1042 3340; x_wconf 76' lang='lat' dir='ltr'><strong>pulvise</strong></span> 
     </span>
     <span class='ocr_line' id='line_1_44' title="bbox 105 3336 1044 3408; baseline -0.005 -16"><span class='ocrx_word' id='word_1_385' title='bbox 105 3339 190 3393; x_wconf 79' lang='lat' dir='ltr'><strong>levari</strong></span> <span class='ocrx_word' id='word_1_386' title='bbox 206 3354 262 3389; x_wconf 90' lang='lat' dir='ltr'><strong>non</strong></span> <span class='ocrx_word' id='word_1_387' title='bbox 280 3340 389 3408; x_wconf 90' lang='lat' dir='ltr'><strong>poterit.</strong></span> <span class='ocrx_word' id='word_1_388' title='bbox 422 3339 496 3405; x_wconf 78' lang='lat' dir='ltr'><strong>Ergo</strong></span> <span class='ocrx_word' id='word_1_389' title='bbox 514 3337 566 3386; x_wconf 89' lang='lat' dir='ltr'><strong>hoc</strong></span> <span class='ocrx_word' id='word_1_390' title='bbox 585 3336 663 3398; x_wconf 83' lang='lat' dir='ltr'><strong>dicit,</strong></span> <span class='ocrx_word' id='word_1_391' title='bbox 687 3339 800 3390; x_wconf 88' lang='lat' dir='ltr'><strong>solstitia</strong></span> <span class='ocrx_word' id='word_1_392' title='bbox 817 3338 951 3403; x_wconf 87' lang='lat' dir='ltr'><strong>hiberna,</strong></span> <span class='ocrx_word' id='word_1_393' title='bbox 972 3348 999 3390; x_wconf 86' lang='lat' dir='ltr'><strong>et</strong></span> <span class='ocrx_word' id='word_1_394' title='bbox 1013 3353 1044 3389; x_wconf 89' lang='lat' dir='ltr'><strong>uo</strong></span> 
     </span>
     <span class='ocr_line' id='line_1_45' title="bbox 104 3404 1045 3472; baseline -0.002 -14"><span class='ocrx_word' id='word_1_395' title='bbox 104 3409 164 3462; x_wconf 87' lang='lat' dir='ltr'><strong>lum</strong></span> <span class='ocrx_word' id='word_1_396' title='bbox 182 3406 308 3470; x_wconf 82' lang='lat' dir='ltr'><strong>solstitia,</strong></span> <span class='ocrx_word' id='word_1_397' title='bbox 333 3407 350 3457; x_wconf 94' lang='lat' dir='ltr'><strong>i.</strong></span> <span class='ocrx_word' id='word_1_398' title='bbox 369 3425 393 3457; x_wconf 85' lang='lat' dir='ltr'><strong>e.</strong></span> <span class='ocrx_word' id='word_1_399' title='bbox 410 3408 588 3457; x_wconf 83' lang='lat' dir='ltr'><strong>solstitiorum</strong></span> <span class='ocrx_word' id='word_1_400' title='bbox 605 3407 662 3457; x_wconf 87' lang='lat' dir='ltr'><strong>sola</strong></span> <span class='ocrx_word' id='word_1_401' title='bbox 678 3416 822 3472; x_wconf 88' lang='lat' dir='ltr'><strong>tempora,</strong></span> <span class='ocrx_word' id='word_1_402' title='bbox 845 3408 893 3459; x_wconf 87' lang='lat' dir='ltr'><strong>sed</strong></span> <span class='ocrx_word' id='word_1_403' title='bbox 909 3418 1004 3458; x_wconf 79' lang='lat' dir='ltr'><strong>bntnes</strong></span> <span class='ocrx_word' id='word_1_404' title='bbox 1023 3404 1045 3456; x_wconf 87' lang='lat' dir='ltr'><strong>hi</strong></span> 
     </span>
     <span class='ocr_line' id='line_1_46' title="bbox 105 3473 1045 3544; baseline -0.005 -16"><span class='ocrx_word' id='word_1_405' title='bbox 105 3493 216 3529; x_wconf 88' lang='lat' dir='ltr'><strong>serenas</strong></span> <span class='ocrx_word' id='word_1_406' title='bbox 234 3474 384 3544; x_wconf 76' lang='lat' dir='ltr'><strong>optandas]</strong></span> <span class='ocrx_word' id='word_1_407' title='bbox 401 3502 433 3510; x_wconf 92' lang='lat'><strong>—-</strong></span> <span class='ocrx_word' id='word_1_408' title='bbox 471 3480 529 3530; x_wconf 78' lang='lat' dir='ltr'><strong>lul.</strong></span> <span class='ocrx_word' id='word_1_409' title='bbox 547 3473 672 3524; x_wconf 82' lang='lat' dir='ltr'><strong>Hiberno</strong></span> <span class='ocrx_word' id='word_1_410' title='bbox 690 3477 819 3541; x_wconf 86' lang='lat' dir='ltr'><strong>pulvere,·</strong></span> <span class='ocrx_word' id='word_1_411' title='bbox 844 3476 962 3527; x_wconf 89' lang='lat' dir='ltr'><strong>hiberna</strong></span> <span class='ocrx_word' id='word_1_412' title='bbox 978 3492 1045 3526; x_wconf 83' lang='lat' dir='ltr'><strong>seren</strong></span> 
     </span>
     <span class='ocr_line' id='line_1_47' title="bbox 105 3542 1045 3611; baseline -0.006 -16"><span class='ocrx_word' id='word_1_413' title='bbox 105 3561 140 3599; x_wconf 85' lang='lat' dir='ltr'><strong>eo</strong></span> <span class='ocrx_word' id='word_1_414' title='bbox 157 3543 231 3611; x_wconf 84' lang='lat' dir='ltr'><strong>quod</strong></span> <span class='ocrx_word' id='word_1_415' title='bbox 247 3543 334 3594; x_wconf 83' lang='lat' dir='ltr'><strong>nimia</strong></span> <span class='ocrx_word' id='word_1_416' title='bbox 351 3542 481 3592; x_wconf 75' lang='lat' dir='ltr'><strong>serenitas</strong></span> <span class='ocrx_word' id='word_1_417' title='bbox 498 3543 640 3609; x_wconf 85' lang='lat' dir='ltr'><strong>pulverem</strong></span> <span class='ocrx_word' id='word_1_418' title='bbox 655 3552 738 3595; x_wconf 78' lang='lat' dir='ltr'><strong>creet,</strong></span> <span class='ocrx_word' id='word_1_419' title='bbox 772 3546 818 3611; x_wconf 84' lang='lat' dir='ltr'><strong>[Et</strong></span> <span class='ocrx_word' id='word_1_420' title='bbox 832 3553 873 3595; x_wconf 90' lang='lat' dir='ltr'><strong>est</strong></span> <span class='ocrx_word' id='word_1_421' title='bbox 890 3561 1002 3595; x_wconf 85' lang='lat' dir='ltr'><strong>carmen</strong></span> <span class='ocrx_word' id='word_1_422' title='bbox 1016 3558 1045 3592; x_wconf 86' lang='lat' dir='ltr'><strong>ru</strong></span> 
     </span>
     <span class='ocr_line' id='line_1_48' title="bbox 104 3610 1045 3680; baseline -0.007 -16"><span class='ocrx_word' id='word_1_423' title='bbox 104 3629 170 3665; x_wconf 89' lang='lat' dir='ltr'><strong>rum</strong></span> <span class='ocrx_word' id='word_1_424' title='bbox 186 3612 343 3679; x_wconf 78' lang='lat' dir='ltr'><strong>antiquum:</strong></span> <span class='ocrx_word' id='word_1_425' title='bbox 371 3610 495 3661; x_wconf 81' lang='lat' dir='ltr'><strong>Hiberna</strong></span> <span class='ocrx_word' id='word_1_426' title='bbox 513 3613 640 3677; x_wconf 85' lang='lat' dir='ltr'><strong>pulnere,</strong></span> <span class='ocrx_word' id='word_1_427' title='bbox 657 3630 741 3663; x_wconf 87' lang='lat' dir='ltr'><strong>verno</strong></span> <span class='ocrx_word' id='word_1_428' title='bbox 761 3613 818 3662; x_wconf 84' lang='lat' dir='ltr'><strong>luto</strong></span> <span class='ocrx_word' id='word_1_429' title='bbox 837 3615 961 3680; x_wconf 83' lang='lat' dir='ltr'><strong>grandia</strong></span> <span class='ocrx_word' id='word_1_430' title='bbox 977 3611 1045 3678; x_wconf 77' lang='lat' dir='ltr'><strong>farra</strong></span> 
     </span>
     <span class='ocr_line' id='line_1_49' title="bbox 106 3679 1045 3746; baseline -0.007 -14"><span class='ocrx_word' id='word_1_431' title='bbox 106 3684 183 3732; x_wconf 83' lang='lat' dir='ltr'><strong>mille</strong></span> <span class='ocrx_word' id='word_1_432' title='bbox 209 3682 327 3731; x_wconf 68' lang='lat' dir='ltr'><strong>metes*</strong></span> <span class='ocrx_word' id='word_1_433' title='bbox 362 3679 491 3729; x_wconf 85' lang='lat' dir='ltr'><strong>Camillus</strong></span> <span class='ocrx_word' id='word_1_434' title='bbox 515 3681 670 3731; x_wconf 85' lang='lat' dir='ltr'><strong>adulescens</strong></span> <span class='ocrx_word' id='word_1_435' title='bbox 695 3680 753 3746; x_wconf 79' lang='lat' dir='ltr'><strong>est]</strong></span> <span class='ocrx_word' id='word_1_436' title='bbox 770 3708 805 3717; x_wconf 91' lang='lat'><strong>—·</strong></span> <span class='ocrx_word' id='word_1_437' title='bbox 840 3689 902 3739; x_wconf 81' lang='lat'><strong>102.</strong></span> <span class='ocrx_word' id='word_1_438' title='bbox 919 3681 1045 3732; x_wconf 72' lang='lat' dir='ltr'><strong>Laetori</strong></span> 
     </span>
     <span class='ocr_line' id='line_1_50' title="bbox 104 3748 1043 3821; baseline -0.005 -17"><span class='ocrx_word' id='word_1_439' title='bbox 104 3751 222 3805; x_wconf 86' lang='lat' dir='ltr'><strong>hiberno</strong></span> <span class='ocrx_word' id='word_1_440' title='bbox 240 3749 343 3802; x_wconf 84' lang='lat' dir='ltr'><strong>scilicet</strong></span> <span class='ocrx_word' id='word_1_441' title='bbox 359 3762 464 3800; x_wconf 87' lang='lat' dir='ltr'><strong>sereno.</strong></span> <span class='ocrx_word' id='word_1_442' title='bbox 499 3748 582 3816; x_wconf 86' lang='lat' dir='ltr'><strong>[Quia</strong></span> <span class='ocrx_word' id='word_1_443' title='bbox 606 3749 654 3801; x_wconf 91' lang='lat' dir='ltr'><strong>ubi</strong></span> <span class='ocrx_word' id='word_1_444' title='bbox 676 3750 728 3803; x_wconf 92' lang='lat' dir='ltr'><strong>hoc</strong></span> <span class='ocrx_word' id='word_1_445' title='bbox 753 3750 914 3821; x_wconf 75' lang='lat' dir='ltr'><strong>contigerit,</strong></span> <span class='ocrx_word' id='word_1_446' title='bbox 937 3768 972 3803; x_wconf 83' lang='lat' dir='ltr'><strong>ae</strong></span> <span class='ocrx_word' id='word_1_447' title='bbox 986 3748 1043 3801; x_wconf 80' lang='lat' dir='ltr'><strong>haec</strong></span> 
     </span>
    </p>
   </div>
   <div class='ocr_carea' id='block_1_3' title="bbox 132 3950 822 4086">
    <p class='ocr_par' dir='ltr' id='par_1_3' title="bbox 132 3950 822 4086">
     <span class='ocr_line' id='line_1_51' title="bbox 134 3950 665 4001; baseline -0.006 -10"><span class='ocrx_word' id='word_1_448' title='bbox 134 3951 184 4001; x_wconf 91' lang='grc'>100)</span> <span class='ocrx_word' id='word_1_449' title='bbox 213 3952 279 3990; x_wconf 84' lang='lat' dir='ltr'><strong>Gucli&#39;.</strong></span> <span class='ocrx_word' id='word_1_450' title='bbox 295 3953 309 3988; x_wconf 91' lang='lat' dir='ltr'><strong>l.</strong></span> <span class='ocrx_word' id='word_1_451' title='bbox 324 3964 359 4001; x_wconf 87' lang='lat' dir='ltr'><strong>pro</strong></span> <span class='ocrx_word' id='word_1_452' title='bbox 376 3957 447 3987; x_wconf 67' lang='lat' dir='ltr'><strong>octono</strong></span> <span class='ocrx_word' id='word_1_453' title='bbox 461 3963 539 4001; x_wconf 82' lang='lat' dir='ltr'><strong>srmpcr</strong></span> <span class='ocrx_word' id='word_1_454' title='bbox 554 3950 599 3987; x_wconf 82' lang='lat' dir='ltr'><strong>hub.</strong></span> <span class='ocrx_word' id='word_1_455' title='bbox 617 3952 665 3988; x_wconf 83' lang='lat' dir='ltr'><strong>Xll.</strong></span> 
     </span>
     <span class='ocr_line' id='line_1_52' title="bbox 132 4028 822 4086; baseline -0.006 -13"><span class='ocrx_word' id='word_1_456' title='bbox 132 4032 183 4080; x_wconf 81' lang='lat'>101)</span> <span class='ocrx_word' id='word_1_457' title='bbox 213 4032 237 4071; x_wconf 79' lang='lat' dir='ltr'><strong>G.</strong></span> <span class='ocrx_word' id='word_1_458' title='bbox 253 4040 317 4079; x_wconf 75' lang='lat' dir='ltr'><strong>creat,</strong></span> <span class='ocrx_word' id='word_1_459' title='bbox 332 4040 353 4072; x_wconf 87' lang='lat' dir='ltr'><strong>ct</strong></span> <span class='ocrx_word' id='word_1_460' title='bbox 367 4044 458 4075; x_wconf 71' lang='lat' dir='ltr'><strong>sertum</strong></span> <span class='ocrx_word' id='word_1_461' title='bbox 472 4047 508 4085; x_wconf 76' lang='lat' dir='ltr'><strong>pst</strong></span> <span class='ocrx_word' id='word_1_462' title='bbox 521 4034 613 4086; x_wconf 70' lang='lat' dir='ltr'><strong>hyemem</strong></span> <span class='ocrx_word' id='word_1_463' title='bbox 628 4032 705 4073; x_wconf 82' lang='lat' dir='ltr'><strong>coslum</strong></span> <span class='ocrx_word' id='word_1_464' title='bbox 719 4028 822 4084; x_wconf 72' lang='lat' dir='ltr'><strong>significat.</strong></span> 
     </span>
    </p>
   </div>
   <div class='ocr_carea' id='block_1_4' title="bbox 0 0 1148 4514">
    <p class='ocr_par' dir='ltr' id='par_1_4' title="bbox 0 0 1148 4514">
     <span class='ocr_line' id='line_1_53' title="bbox 0 0 1148 4514; baseline 0 1"><span class='ocrx_word' id='word_1_465' title='bbox 0 0 1148 4514; x_wconf 95' lang='lat' dir='ltr'><strong> </strong></span> 
     </span>
    </p>
   </div>
  </div>
 </body>
</html>
