2424 4506
283 293 319 339 n
342 270 504 373 vireu.
527 216 685 339 nudor.
705 273 744 349 v,
765 279 919 347 to-ss.
1060 283 1124 348 tar

68 474 126 525 tos,
148 430 294 529 thhnin
316 466 498 511 receserunts
521 474 606 529 quem
630 460 688 512 Pan
712 459 840 514 musicen
863 460 988 515 dooubss
1014 461 1124 531 dicitur,

68 526 114 597 niti
130 544 205 579 cum
224 537 255 580 et
270 529 423 580 venationis
441 536 470 580 et
491 528 609 580 musices
632 529 813 598 peritissimus
836 538 920 597 esset,
943 531 1088 585 adamatus
1105 550 1123 585 a

69 597 198 665 nympha
218 605 279 662 est,
301 597 348 664 qui
365 598 452 649 etiam
475 596 656 650 iureiurando
679 598 824 649 adstrictus
847 607 902 663 est,
926 619 961 651 ne
978 618 1043 652 cum
1067 600 1122 653 alia

71 667 286 721 concumberet.
320 666 372 718 Hic
388 666 456 717 dum
479 666 561 717 hoves
586 668 773 737 persequitur,
796 668 831 720 ad
855 669 964 737 regiam
989 670 1123 740 pervenit,

74 740 101 787 et
116 735 155 786 oh
202 735 422 788 ulchritudinem
449 735 599 805 appetitus,
625 753 690 788 cum
713 736 788 804 regis
811 736 870 788 lilla
892 738 1122 790 consuetudinem

75 804 173 855 miscui
192 841 201 869 ‚
220 804 358 855 haecum
374 804 499 872 nympha
515 804 655 870 rescisset,
671 804 823 857 luminibus
840 822 905 858 eum
923 807 1037 858 orbavit.
1071 808 1119 858 Ille

76 872 105 925 in
126 872 266 925 auxilium
288 880 401 943 patrem
424 872 599 925 Mercurium
622 874 771 935 invocavit,
796 875 844 942 qui
867 891 934 929 eum
957 877 987 928 in
1011 876 1120 928 coelum

78 942 192 1015 eripuit,
218 950 248 993 et
262 942 294 995 in
310 957 344 994 eo
360 941 423 993 loco
440 943 548 994 fontem
566 942 673 1006 elicuit,
695 943 741 1011 qui
759 942 885 1011 Daphnis
902 953 1029 1010 vocatur,
1046 945 1119 1014 apud

78 1028 160 1151 {zm
178 1011 329 1079 quotannis
344 1009 429 1063 Siculi
445 1010 621 1077 sacrificant]
655 1011 707 1063 alii
725 1011 820 1064 dicunt
841 1013 992 1080 significari
1014 1032 1064 1084 per
1082 1014 1121 1066 al·

136 1081 213 1133 riam
232 1080 263 1132 C.
279 1080 381 1134 lulium
399 1080 635 1148 Caesarem„qui
657 1080 687 1132 in
711 1090 808 1131 senatu
833 1100 850 1135 a
867 1083 961 1135 Cassio
987 1090 1015 1134 et
1031 1083 1118 1134 Bruto
1208 1084 1211 1089 '

80 1150 173 1217 viginti
195 1150 287 1201 tribus
297 1149 460 1201 ‘vulneribus
483 1148 668 1217 interemptus
686 1157 734 1202 est.
768 1149 847 1203 Unde
864 1159 907 1202 et:
937 1152 1053 1202 crudeli
1063 1151 1117 1221 fu-

82 1236 142 1277 rere
158 1219 255 1271 volunt
272 1218 384 1269 dimum.
420 1218 485 1287 [Sed
502 1219 524 1269 si
543 1219 577 1270 de
592 1219 623 1270 C.
637 1218 755 1270 Caesare
773 1216 879 1270 dictum
897 1228 950 1273 est.
970 1220 1050 1272 multi
1066 1236 1118 1292 per

68 1296 214 1353 ¹arantem,
231 1288 371 1340 Venerem
389 1287 546 1358 accipiuntt'
561 1303 612 1354 per
629 1287 722 1339 leones
740 1295 769 1339 et
785 1288 885 1356 tigres,
901 1291 1032 1358 populos,
1049 1305 1118 1357 quos

75 1357 200 1425 pasegu:
223 1373 273 1428 pet·
295 1356 413 1420 thiasos,
435 1372 529 1420 sacra,
554 1372 624 1423 qaue
641 1357 766 1408 Pontifex
788 1357 920 1410 instituit:
945 1376 997 1427 per
1013 1361 1117 1409 formo-

80 1442 137 1479 ttnn
179 1441 270 1490 ecus‚·
283 1425 418 1495 populum
434 1423 616 1490 Romanum]
651 1424 812 1479 altivolans
830 1426 995 1495 Quintilium
1013 1428 1117 1478 Varum

80 1494 146 1562 ugni
181 1494 225 1546 ari
248 1502 401 1561 cognatum
418 1494 541 1562 Virgilii,
565 1494 598 1546 de
623 1509 677 1560 quo
703 1493 787 1545 etiam
810 1495 939 1559 Horatius
966 1497 1073 1560 (Carm.
1092 1501 1117 1561 1,

79 1564 144 1625 m:
167 1564 244 1631 Ergo
262 1561 441 1629 Quintilium
463 1575 615 1631 perpetuus
640 1580 725 1629 sopor
751 1574 837 1630 urget.
880 1565 987 1618 Tamen
1008 1564 1117 1622 crudeli

76 1630 190 1701 funere,
213 1632 250 1685 ad
274 1633 397 1701 quemvis
421 1640 512 1702 potest
533 1631 643 1684 referri.
690 1631 828 1701 [Quidam
853 1632 948 1685 dicunt
971 1632 1117 1702 Virgilium

79 1700 168 1753 iratris
189 1702 233 1753 tui
249 1702 340 1753 Flacci
364 1709 488 1752 mortem
511 1699 635 1767 deflere]
655 1727 688 1738 -
723 1706 767 1758 21.
789 1701 844 1752 Vos
861 1704 955 1769 coryli
971 1713 1066 1767 testes,
1091 1713 1116 1752 et

76 1768 198 1893 &mina
224 1770 373 1839 nymphis3
397 1769 471 1821 bene
494 1770 661 1822 testimoniis
684 1768 769 1821 utitur
793 1771 823 1821 in
847 1772 930 1823 rebus
946 1766 1117 1823 incredibili-

99 1856 134 1893 us.
166 1840 241 1893 Nam
263 1840 363 1892 fletum
387 1839 468 1891 facile
485 1840 601 1891 dearum
625 1840 744 1905 pers'ona
762 1855 818 1890 non
840 1836 949 1909 recipii.
983 1839 1020 1890 Et
1035 1840 1116 1892 bonis

81 1922 137 1959 astu
154 1921 193 1960 est
210 1909 359 1977 gradibus:
381 1908 519 1961 fleverunt
535 1909 689 1976 nymphae,
712 1906 811 1974 quibus
828 1907 910 1962 insita
928 1916 968 1961 est
984 1909 1116 1960 naturali-

81 1982 119 2033 Μ
141 1979 245 2049 Ρὶεῒαεξ
269 1978 411 2040 homines,
434 1978 470 2030 ad
487 1993 555 2045 quos
579 1975 705 2027 mortalis
729 1978 855 2042 pervenit
872 1979 965 2031 dolor:
989 1979 1115 2047 pecudes,

130 2066 145 2099 e
160 2046 228 2099 licet
242 2047 351 2099 ratione
362 2048 489 2111 'careant
507 2054 601 2098 tamen
620 2061 675 2096 non
694 2053 793 2096 carent
809 2063 898 2099 sensu.
933 2049 1035 2098 Ferae:
1052 2063 1115 2098 uru-

121 2116 184 2169 'tate
199 2115 360 2185 gaudentes.
394 2113 486 2180 Quam
503 2132 565 2166 rem
582 2131 690 2176 rursus,
707 2115 772 2181 quia
788 2115 957 2171 incredibilis
974 2122 1023 2182 est,
1039 2114 1115 2168 testi·

81 2187 165 2236 monio
190 2184 370 2255 comprobat,
392 2184 501 2247 dicens:
531 2184 590 2234 Hoc
615 2191 642 2235 et
665 2190 775 2234 montes
798 2184 949 2252 loquuntur
973 2191 1002 2235 et
1024 2184 1114 2237 silvae.

82 2248 152 2319 Quod
168 2261 264 2307 antem
282 2255 336 2317 ait:
353 2254 445 2320 coryli
462 2264 557 2318 testes,
576 2265 601 2304 et
610 2252 757 2320 flumina,
775 2263 940 2322 usurpatum
958 2261 1006 2308 est.
1039 2254 1113 2305 Nam

82 2332 152 2374 testes
168 2323 301 2393 flumina
319 2338 377 2374 non
395 2321 521 2374 dicimus.
556 2321 633 2388 Quae
651 2321 726 2373 euim
750 2322 779 2371 in
799 2324 824 2371 is
842 2333 957 2388 exeunt,
980 2330 1112 2375 neutrum

81 2388 280 2456 tramittunt,
295 2399 327 2442 ut
344 2408 360 2441 a
384 2392 433 2442 ilis
450 2391 535 2457 agile.
569 2389 621 2444 Sed
639 2407 691 2442 nec
705 2389 757 2441 hoo
775 2401 854 2457 teste,
871 2409 925 2444 nec
943 2386 1010 2443 basi
1029 2395 1110 2442 tertia

82 2472 216 2527 possumus
232 2460 335 2513 dicere.
361 2409 449 2511 Vincla
466 2477 516 2530 per
534 2458 725 2510 definitionem
743 2458 876 2511 debemus
893 2462 1003 2514 dicere:
1029 2467 1111 2512 testes

82 2528 237 2587 animun
261 2526 411 2597 quaeres?
436 2528 521 2597 coryli
540 2535 568 2576 et
589 2528 716 2579 fluntina.
753 2526 797 2579 Sic
814 2529 943 2581 Horatius
962 2531 1066 2598 (Carm.
1084 2533 1111 2594 4,
1167 2582 1171 2595 ‚

82 2598 185 2662 4383:
205 2596 299 2648 Testis
317 2596 480 2648 Metaurum
491 2597 613 2665 flumen.
648 2599 772 2664 Propert.
790 2601 827 2663 (2.
844 2599 921 2668 Eleg.
940 2601 988 2661 9.);
1016 2598 1110 2648 Testes

68 2680 139 2735 μιαί
154 2669 252 2719 sidera
271 2664 422 2731 nobis.·-'
444 2676 489 2724 22.
510 2667 579 2716 Cum
599 2667 741 2733 complexa
761 2669 809 2717 sui
828 2682 930 2736 terpus
948 2668 1110 2718 miserabile

82 2739 148 2801 Ιοίί,
169 2736 328 2804 lugentium
352 2740 408 2797 est,
433 2744 465 2785 ut
487 2734 536 2802 [et]
559 2735 672 2805 corpori
694 2733 865 2787 inhaereant.
883 2763 917 2777 -
958 2744 1002 2795 23.
1020 2739 1109 2803 Atque

81 2802 239 2873 deceatque
258 2818 334 2856 astra
353 2804 436 2854 iotae
453 2805 594 2873 crudelia,⁸
619 2806 681 2872 [per
705 2821 776 2870 quae
799 2805 947 2857 hominum
969 2807 1027 2857 fata
1049 2821 1109 2855 mo·

68 2874 141 2937 uri,
163 2882 248 2941 atque
269 2873 381 2941 impleri
405 2873 449 2925 vel
470 2873 573 2924 mutari
597 2870 751 2942 putabant]
786 2872 862 2940 Quae
886 2875 1110 2927 acceleraverunt

81 2938 223 3012 Daphnidis
244 2951 375 2994 mortem.
394 2968 428 2979 -
462 2947 506 2999 25.
524 2939 615 2993 Nulla
641 2942 817 3009 quadrupes3
843 2942 889 2992 bic
907 2952 934 2993 et
951 2943 1019 2994 baec
1037 2961 1107 3012 qua-

82 3008 172 3079 drupes
195 3010 326 3063 dicimus:
349 3012 392 3078 [ut
413 3009 484 3079 ipse]
501 3009 568 3061 alibi
592 3012 666 3078 (Aen.
684 3019 715 3076 7,
733 3008 818 3072 500.):
844 3006 967 3063 Saucius
991 3025 1021 3062 at
1038 3030 1107 3080 qua·

82 3076 170 3148 irupes
190 3092 257 3133 nota
276 3082 353 3131 intra
371 3091 441 3129 tecta
461 3078 574 3147 refugit.
590 3107 626 3117 -
660 3087 704 3137 28.
721 3078 889 3145 Montesque
900 3082 978 3150 seri,
1002 3082 1106 3133 siluae-

68 3148 71 3153 '
112 3152 317 3218 eloquuntur‚·
347 3147 525 3219 hyperbolice
547 3146 622 3201 dixit.
669 3148 705 3209 Et
726 3149 895 3214 notandum,
922 3150 1011 3219 quod,
1042 3167 1107 3202 cum

68 3164 173 3272 ’ἐπεῖ
199 3220 258 3271 eius
281 3216 459 3285 apotheosin,
472 3226 498 3269 ‘e
522 3225 620 3269 contra
641 3215 779 3269 laetitiam
801 3218 886 3270 rebus
905 3219 1032 3271 omnibus
1051 3218 1107 3286 dat,

68 3286 136 3353 'tuas
157 3304 234 3341 nunc
256 3287 288 3339 in
311 3301 441 3338 moerore
463 3285 547 3337 sitisse
571 3286 744 3339 memoravit.
767 3314 800 3324 -
853 3292 897 3344 29.
920 3287 1056 3357 Daphnis
1080 3300 1106 3340 et

80 3354 217 3408 Armenias
236 3373 323 3407 curru
341 3352 513 3422 subiungere
530 3356 617 3421 tigres
636 3356 778 3418 instituit3
795 3356 849 3407 hoc
867 3365 963 3438 aperte
982 3358 1018 3411 ad
1035 3357 1106 3411 Cae·

80 3436 159 3477 terem
173 3426 315 3491 pertinet:
336 3440 419 3490 quem
437 3430 545 3474 constat
561 3423 686 3490 primum
704 3440 783 3476 sacra
799 3424 895 3477 Liberi
913 3427 999 3496 patris
1016 3432 1106 3479 trans·

79 3492 158 3547 tulisse
175 3494 307 3557 Romam.
343 3492 453 3556 Curru;
479 3508 531 3562 pro
555 3494 663 3544 currui.
684 3525 716 3535 -
759 3501 802 3550 30.
821 3493 960 3558 Thiasus,·
984 3495 1106 3547 saltatio·

79 3576 130 3629 tet,
153 3562 280 3615 choreas.
314 3560 412 3612 Liberi
436 3561 454 3627 i.
479 3578 502 3614 e.
525 3560 658 3613 liberalia.
694 3560 780 3631 [Sunt
803 3563 878 3615 enim
903 3563 986 3615 thiasi
1010 3573 1123 3618 coetttt·

77 3628 205 3700 virginum
230 3639 313 3700 atque
335 3645 488 3698 puerorum
518 3628 715 3681 bacchantium
744 3631 936 3701 plangentibus
960 3633 1105 3704 Nymphis.

75 3694 167 3752 [irunt
200 3701 286 3753 etiam
315 3700 417 3751 thiasos
441 3714 499 3750 esse
529 3699 620 3751 hastas
642 3699 723 3751 variis
747 3702 826 3752 sertis
848 3701 972 3766 indutas,
1000 3702 1100 3771 quibus

75 3764 187 3821 haehae
205 3769 337 3821 mulieres
353 3767 383 3820 in
400 3767 485 3819 secus
497 3766 595 3819 Liberi
610 3768 698 3838 patris
714 3767 883 3833 utebantur]
896 3796 931 3806 -
965 3778 1010 3827 32.
1028 3771 1102 3822 Vitis

75 3849 99 3888 rt
117 3840 272 3891 arboribus
297 3839 407 3890 decoris
432 3848 487 3897 esst
511 3837 615 3905 [bene,
639 3844 669 3887 ut
692 3845 828 3908 pastores,
850 3838 1043 3891 similitudines
1065 3841 1102 3893 de

69 3907 142 3961 rebus
169 3907 325 3976 agrestibus
348 3903 479 3969 sumunt]
522 3905 612 3956 Locus
635 3905 778 3958 Theocriti
802 3915 843 3956 est
865 3906 918 3974 (Id.
936 3912 970 3967 8,
986 3909 1048 3969 79.).
1064 3933 1100 3947 -
1160 3910 1163 3915 '

68 3980 105 4033 34.
122 3975 214 4041 Tuis,·
240 3975 279 4026 sic
295 3982 327 4026 tu
344 3991 372 4026 es
388 3973 521 4025 Romanis
538 3976 654 4026 Caesar:
678 3975 716 4026 sic
740 3976 895 4056 pastoribus
916 3975 1049 4046 Daphnis.
1064 4001 1099 4016 -

68 4048 102 4103 aa
118 4045 218 4113 Μαι,
245 4044 297 4097 dea
320 4043 504 4113 pabulorum,
526 4043 596 4113 [dea
618 4041 787 4117 parterm]
827 4042 986 4117 Apollinem
1006 4051 1105 4100 autem
1186 4106 1192 4117 Ι
