2424 4506
158 284 226 351 364
414 280 545 341 PROBl
571 278 940 345 COMMENTARIUS

157 476 200 519 tes
213 464 298 519 tibias
312 480 385 547 queo
401 464 593 535 slgnlfieautsu
616 466 702 519 ebore
717 465 800 521 dicto.
835 466 998 521 Tarentum
1016 466 1144 539 oppidum
1160 466 1180 519 ia

159 536 237 589 ltalia
252 537 436 589 condiderunt
451 538 644 601 Parthcnidae,
660 536 715 589 hoe
732 546 774 589 ert
789 537 882 589 exules
900 538 1179 599 Lacedaemoniorum,

158 609 229 659 duce
245 606 386 657 Phalanto.
421 606 454 656 ln
470 604 571 658 linibus
589 618 683 657 autern
699 606 922 658 Tarentinorum
940 616 984 659 est
999 606 1091 673 locus,
1112 622 1177 677 quen

157 676 299 727 sunium
315 681 428 739 uocant,
453 676 527 726 uude
544 675 630 727 etiam
652 674 783 743 paludem
800 675 947 743 Saturam,
970 676 1052 729 euius
1068 674 1176 727 etiamir

158 746 214 796 l'll.
230 744 312 812 (801.)
328 744 433 795 incutio
451 752 504 810 est,
521 760 587 795 eum
604 744 644 795 ait
662 744 807 813 Virgilius:
832 746 898 813 Qua,
913 746 1034 797 Samae
1050 742 1119 798 lacet
1131 750 1174 796 stre

159 814 244 883 palm.
279 813 370 864 Saturi
387 828 455 883 ergo
472 814 603 879 Tarenti,
625 830 642 865 a
658 810 767 865 Saturio
783 814 861 879 loco,
884 812 965 865 vela
980 813 1082 867 Sauara
1088 810 1173 937 peith

156 884 234 936 dixit.
274 882 394 951 Quidam
417 883 528 949 dicunt,
554 892 616 933 tum
639 882 677 933 ub
700 882 761 949 agri
783 881 958 953 bonitatem,
985 890 1050 935 tum
1072 902 1088 937 o
1126 881 1171 935 loct

157 952 280 1023 quodam
296 952 411 1017 daturo,
433 951 481 1019 qui
505 958 548 1004 est
571 966 660 1021 prope
676 950 845 1018 Tarentum,
866 954 1001 1005 saturum
1018 951 1171 1021 cognomine

156 1031 227 1073 tum.
259 1022 367 1071 Dicitur
383 1028 496 1087 alitem,
514 1020 682 1085 l'areutem,
696 1020 820 1091 Neptuni
840 1020 949 1087 lilium,
971 1016 1171 1077 Lacedaemmis

157 1092 281 1157 civitate,
307 1106 342 1142 ex
364 1088 488 1155 Saturis,
506 1088 611 1141 Minois
634 1091 810 1142 Creteusimn
832 1088 908 1157 regis
931 1089 1007 1157 lilia,
1035 1104 1169 1173 procrntt

156 1160 254 1211 lilium.
299 1158 380 1209 Hunc
403 1160 560 1230 proiectum
588 1159 734 1229 naufragio
763 1162 838 1211 iacto
860 1158 1010 1228 delphinus
1032 1177 1064 1213 m
1085 1158 1170 1211 ltalirn

158 1230 274 1283 evenisse
296 1228 411 1289 dicitur;
441 1227 519 1277 cuius
542 1227 681 1297 hodieque
703 1229 896 1280 testimonium
920 1235 1027 1281 innuet.
1067 1225 1169 1280 Narnia

158 1296 311 1364 municipio
335 1296 553 1349 'l'areutiuorum
586 1296 709 1353 bominis
740 1298 844 1367 efligies
865 1298 896 1349 iu
919 1296 1055 1365 delphino
1076 1294 1170 1351 tedeufit

159 1376 217 1428 est3
239 1385 257 1419 a
280 1366 388 1418 setania
411 1381 496 1417 uxore
519 1382 586 1418 eum
607 1366 703 1417 locum
725 1366 834 1419 Saturis
856 1366 1012 1437 appellasse
1033 1368 1171 1431 {estimet

156 1444 252 1507 postea
268 1436 295 1488 ei
310 1436 371 1487 loco
389 1450 421 1487 ex
437 1450 486 1484 suo
503 1436 619 1487 nomine
635 1450 740 1487 nomen
753 1436 906 1488 Tarentum
921 1436 963 1488 im
1001 1436 1093 1489 sitisse.
1120 1432 1170 1487 Idtt

156 1506 297 1559 infelicem
313 1504 460 1555 Mantuam
477 1503 558 1568 dicit,
575 1504 640 1573 quia
655 1504 830 1568 Mantuanis,
853 1504 902 1573 qui
919 1522 937 1557 a
980 1507 1088 1559 omanis
1101 1500 1171 1557 detd-

156 1582 271 1639 verant,
293 1573 354 1641 agri
371 1572 495 1640 adempti
511 1580 582 1624 sunt
600 1603 633 1615 -
667 1578 731 1631 224.
747 1573 876 1627 Vesuvius
898 1590 982 1629 mons
1000 1582 1042 1627 est
1061 1574 1090 1625 iu
1102 1574 1169 1625 cru

156 1644 257 1715 panis,
272 1643 336 1693 vino
352 1642 466 1705 fertilis,
482 1656 567 1710 quem
584 1643 718 1695 Veterum
734 1642 832 1712 iugum
849 1641 924 1695 dicit.
959 1642 1092 1695 Eiusdem
1105 1642 1169 1695 Gru·

157 1713 257 1785 paniae
273 1712 380 1764 ssrirnen
397 1710 509 1763 Clanius
532 1710 623 1775 iuxta,
643 1712 764 1764 Acerrae
781 1711 910 1777 nomine,
931 1712 980 1763 sed
999 1710 1120 1781 Giganti·
1131 1722 1169 1763 at·

157 1782 234 1835 uiiue
251 1780 363 1833 Clanius
386 1780 475 1831 dictus
498 1787 546 1831 est
580 1780 646 1833 Ideo
669 1788 764 1833 alitem
786 1780 868 1845 dicit,
890 1787 923 1831 ut
945 1780 1119 1835 Metrodorus
1135 1776 1170 1843 si,

157 1869 217 1903 non
233 1868 339 1917 aequus
357 1848 487 1911 Acerris,
510 1847 586 1917 quod
602 1865 648 1901 eas
671 1864 754 1917 saepe
775 1848 905 1913 inundet;
930 1864 1004 1917 quae
1028 1864 1124 1903 vacuae
1139 1846 1169 1901 ’11-

155 1922 231 1973 circo
248 1919 393 1983 dicuntur,
408 1918 483 1987 quod
500 1933 589 1986 paene
605 1918 730 1971 desertae
746 1926 817 1971 sunt
834 1946 869 1957 -
902 1922 966 1977 361.
983 1918 1121 1971 Tabulata
1132 1932 1168 1986 pc

158 1991 265 2055 ulmos,
287 1988 361 2040 rasni
377 1995 457 2051 sunt,
479 1988 527 2055 qui
543 1986 611 2039 vites
634 1986 784 2055 sustinent,
803 2004 855 2057 per
877 1988 1104 2053 uautlutionem,
1120 1984 1169 2055 quit

156 2060 253 2112 rustici
270 2074 335 2107 curu
358 2063 472 2125 putant,
495 2072 579 2126 supra
601 2072 649 2108 eos
671 2072 765 2109 ramos
785 2064 874 2123 stant,
895 2055 951 2109 boe
967 2066 1011 2109 est
1026 2056 1169 2111 ututu-
1194 2066 1210 2090 ·''

156 2134 219 2187 380.
235 2126 302 2179 Non
321 2127 409 2177 oliam
428 2133 493 2187 eto.;
516 2133 662 2196 postquam
678 2124 798 2178 mortale
813 2124 979 2178 anirualium
995 2142 1083 2196 genus
1096 2120 1170 2195 coepit
1206 2153 1210 2188 ς

157 2215 241 2251 carne
259 2196 344 2259 vesci,
362 2211 393 2245 ex
410 2194 452 2247 his
469 2210 540 2262 quae
557 2196 683 2263 frugibus
700 2202 851 2260 nocerent,
866 2193 909 2247 vel
926 2194 1034 2264 aliquos
1047 2194 1171 2249 laederent

155 2271 277 2329 fructus,
294 2266 386 2335 prima
404 2264 574 2316 existimatur
590 2262 680 2316 hostia
696 2264 779 2316 fuisse
796 2279 856 2328 sus,
876 2269 1000 2319 secunda
1016 2280 1110 2337 capon
1128 2260 1170 2325 illl,

156 2338 222 2406 quia
239 2343 346 2386 terruru
362 2342 451 2385 rostro
468 2334 657 2402 protrudendo
674 2348 770 2385 semen
786 2341 918 2399 erueret,
940 2333 1003 2401 hic,
1026 2336 1089 2403 quia
1104 2332 1170 2383 ritem

155 2408 280 2459 laeserat.
319 2406 416 2471 ltaque
441 2406 525 2454 etiam
550 2403 663 2454 Ovidius
685 2402 715 2453 in
739 2401 794 2453 XV.
826 2406 892 2468 (112
908 2403 977 2471 sqq.)
1002 2401 1170 2456 testimonium

157 2479 216 2528 lert
235 2474 300 2525 huic
318 2473 456 2542 opinioni,
479 2471 589 2523 dicente
606 2470 773 2539 Psiliagora:
796 2471 832 2521 Et
855 2471 948 2538 prima
989 2480 1081 2525 utatur
1095 2468 1171 2523 Hostis

155 2562 200 2596 sus
217 2542 351 2593 meruisse
369 2558 467 2592 necem
484 2548 536 2591 etc.
569 2540 697 2591 Praemia
713 2547 807 2591 alitem
824 2541 946 2611 posuisse
962 2491 1106 2607 ihesidm,
1120 2554 1171 2589 curu
1196 2552 1210 2572 ·

154 2614 235 2677 dicit,
257 2612 383 2677 ingentes
400 2627 486 2678 pagos
510 2617 537 2660 et
554 2610 675 2677 compita
698 2606 821 2672 cirdum,
844 2610 1026 2663 Athenienses
1048 2608 1173 2678 signfiut,

155 2703 173 2735 a
190 2698 259 2749 rege
276 2682 382 2730 'l'heseo
400 2681 494 2731 dictos.
528 2680 624 2746 ltaque
640 2677 735 2741 ludus,
758 2678 823 2745 quie
840 2678 999 2747 praemium
1017 2679 1111 2731 victori
1124 2684 1172 2731 eret

155 2769 256 2822 caper,
284 2751 332 2817 qui
362 2764 462 2816 graece
485 2742 599 2816 τράγος,
629 2744 774 2814 tragoedia
802 2747 895 2813 coepit
923 2749 1074 2819 appellari,
1101 2760 1171 2817 genus

156 2820 296 2891 quoddam
328 2819 459 2869 carminis
480 2819 516 2867 ah
540 2817 660 2885 antiquis
683 2831 765 2866 causa
786 2817 939 2882 spectaculi
967 2818 1129 2870 institutum.
1144 2844 1170 2857 -

156 2898 218 2948 385.
235 2888 294 2939 Nec
313 2906 370 2938 non
388 2897 454 2950 etc,;
477 2886 524 2937 hic
546 2888 615 2939 ritus
639 2883 806 2937 Oseillorum
827 2884 983 2938 iactationis
1006 2889 1131 2953 frequens
1148 2885 1170 2935 iu

154 2960 251 3021 ltalia,
271 2956 307 3008 ab
325 2958 419 3008 Atticis
442 2962 484 3007 est
504 2956 627 3006 traditus.
662 2953 824 3005 Celebratur
841 2964 936 3007 autem
958 2956 1039 3008 feriis
1055 2954 1171 3009 Sementi-

155 3030 214 3095 nis,
231 3043 262 3079 ex
279 3025 333 3076 hac
350 3043 432 3077 causa
449 3025 484 3076 ab
501 3022 712 3075 Atheniensibus
728 3022 880 3075 institutus:
902 3025 1013 3089 Icarus,
1036 3034 1123 3096 pastor
1135 3026 1171 3075 ht·

154 3100 224 3149 ticus
233 3134 241 3160 ,
257 3111 321 3145 cuin
340 3114 355 3147 a
373 3096 476 3146 Libero
495 3102 575 3161 patre
593 3092 745 3159 accepisset
760 3091 864 3157 vinum,
881 3092 1071 3160 deputandum
1085 3091 1172 3155 venale,

156 3175 185 3221 et
205 3167 382 3235 praeriperet
405 3163 595 3231 ignorantibus
620 3162 710 3213 adhue
728 3176 809 3211 usum
831 3161 927 3227 huius,
949 3171 980 3212 ut
1003 3182 1088 3232 parce
1110 3162 1171 3214 bibe

156 3242 234 3299 rent,
250 3234 289 3285 illi
306 3251 404 3303 sopore
421 3232 562 3295 delectati,
578 3239 755 3281 contumaces
771 3230 885 3281 fuerunt
899 3242 1059 3300 praecepto.
1091 3232 1169 3300 ltaque

155 3321 221 3355 cum
239 3312 267 3355 et
283 3319 383 3370 corpus
401 3318 498 3353 eorum
515 3302 665 3352 solveretur
683 3307 711 3351 et
726 3314 818 3348 sermo
834 3298 983 3366 ebrietate,
1000 3302 1137 3365 arbitrati,
1147 3314 1170 3349 tt

154 3389 294 3425 venenum
311 3372 462 3439 accepisse,
479 3371 678 3422 interfecerunt
690 3369 808 3419 Icarum.
844 3368 927 3421 Canis
945 3378 1041 3423 autem
1053 3370 1109 3425 eius
1122 3370 1170 3421 rins

154 3442 269 3494 domino
286 3456 410 3491 reversus
428 3439 462 3491 ad
480 3440 632 3506 Erigonem
649 3437 736 3488 liliam
760 3437 813 3487 dux
835 3437 889 3488 fuit
905 3440 1053 3507 quaerenti
1068 3446 1171 3511 patrem.

153 3512 203 3563 Illa
221 3517 313 3562 nutem
330 3508 441 3575 cognita
458 3517 548 3560 morte
565 3508 649 3569 Icari,
671 3504 817 3577 suspendio
840 3522 869 3557 se
893 3509 1015 3571 necavit,
1040 3509 1112 3561 cauis
1125 3520 1171 3559 noo

153 3581 287 3635 recedens
305 3596 321 3629 a
339 3592 455 3644 corpore
472 3576 578 3629 domini
602 3576 694 3628 inedia
719 3583 897 3642 consumptus
918 3584 968 3629 est
1002 3578 1077 3630 Cum
1091 3584 1170 3630 autem

155 3650 246 3702 subita
269 3647 423 3717 pestilentia
447 3646 477 3696 in
500 3647 589 3696 Attica
619 3645 758 3697 incidisset
786 3652 814 3697 et
837 3645 900 3695 novi
924 3648 1038 3714 generis
1059 3648 1171 3716 virginet,

155 3720 275 3771 alienata
299 3724 407 3778 mente,
430 3716 575 3783 suspendio
600 3732 629 3766 se
651 3721 784 3766 necarent
805 3712 834 3763 in
856 3714 943 3781 silvis,
968 3718 1122 3769 consultum
1139 3720 1170 3767 ott

155 3787 298 3841 oraculum
314 3784 444 3853 Apollinis
461 3784 567 3835 detine
583 3793 642 3834 tarn
666 3783 782 3834 luctuosi
804 3783 914 3835 luroris.
947 3782 1120 3853 Responsum
1132 3788 1170 3845 etl,

155 3857 310 3909 remedium
328 3858 469 3906 futurum:
494 3870 622 3922 praesens
645 3852 810 3921 supplicium
828 3869 942 3917 eorum,
963 3856 1013 3922 qui
1031 3856 1170 3909 occiderant

156 3928 272 3977 lcurum.
310 3922 414 3991 Quibus
438 3923 597 3991 conquisitis
624 3931 653 3975 et
675 3920 844 3982 interfectis,
866 3923 981 3975 sacratis
1005 3925 1080 3981 inter
1095 3922 1169 3976 sidera

156 3996 252 4059 Icaro,
274 3993 334 4044 lilia
356 3999 385 4043 et
400 4008 484 4057 carre,
507 3992 588 4060 plane
606 3991 766 4043 numinibus
783 3988 950 4043 sacrificium
966 3993 1119 4047 institutiuu
1131 3996 1170 4051 εδδ,

156 4080 211 4137 quo
236 4062 330 4120 oscilla
352 4060 530 4117 irmtareutur
552 4061 699 4133 stupendis
716 4058 871 4112 Atticarum
894 4061 1043 4131 virginum.
1076 4064 1169 4117 Elaeam
