2424 4506
262 302 298 345 ns
320 280 479 345 vinctu.
502 278 658 345 BUCOL.
681 280 744 358 v1,
765 284 913 353 tsaess·
1041 277 1106 353 137'

78 460 116 529 (sl.
131 460 167 535 M
180 462 278 527 sirmi
296 466 369 535 apud
391 466 513 518 iontem·
524 465 600 520 Cinci
618 466 728 535 amnis,
751 482 817 518 eum
833 474 965 535 aquatum
987 454 1065 534 isset,
1088 483 1105 518 a

81 548 156 603 nymp
177 534 200 585 is
215 541 312 602 raptus
329 543 384 599 est,
399 553 451 587 nee
468 552 593 603 unquam
609 540 698 605 putuit
714 536 841 605 reperiri.
874 537 969 587 Postea
986 550 1050 585 cum
1065 551 1106 586 es-

81 608 116 653 set
135 601 391 671 cognitum,·quod
413 604 531 673 perisset
554 605 583 655 in
606 610 699 669 fonte,
722 605 750 656 ei
766 606 867 657 statuta
883 611 946 654 sunt
962 620 1053 669 sacra,
1074 603 1106 653 in

81 666 93 727 ,⁸
116 668 172 721 'hur
194 686 257 721 tuos
273 672 377 737 scierat,
400 680 432 721 ut
448 672 505 723 eius
529 690 634 727 nomen
657 674 823 726 clamaretur
846 672 876 724 in
901 671 1041 722 montibus
1057 670 1105 734 (al.

80 684 162 805 πη).
205 738 247 789 Ad
272 756 356 809 quam
381 740 565 791 imitationem
588 758 661 793 uisne
686 742 766 792 dicit:
793 740 827 790 Ut
846 743 915 792 litus
932 738 1009 807 Hyla
1027 738 1105 807 Hyla

89 820 154 857 anns
171 820 295 859 sonaret.
329 808 398 877 [Per
421 809 568 859 transitum
592 827 653 861 rem
677 826 770 859 veram
795 809 900 878 tetigit,
921 810 1004 860 tertio
1030 809 1106 860 enim

89 872 115 925 sb
128 874 236 943 ephebo
252 892 372 947 puerum
397 876 427 927 in
452 885 547 929 monte
564 878 759 929 comitantibus
777 877 907 929 universis
924 892 1027 929 nomen
1045 876 1103 927 eim

88 944 251 995 clamabatur.
304 943 393 1010 Sane]
422 954 594 1015 postremum
625 945 753 1013 (antem)
777 946 805 995 la
832 945 914 999 breve
945 953 1011 1009 est,
1041 945 1104 996 ideo

89 1014 138 1079 quia
160 1012 259 1063 vocalis
283 1014 406 1065 vocalem
436 1020 564 1081 sequitur.
614 1015 687 1066 ham
711 1015 799 1065 omnis
824 1014 958 1064 vocativus
981 1012 1105 1064 Graecus

90 1081 273 1141 emasculino
298 1083 430 1148 veniens,
460 1100 477 1131 a
508 1084 693 1149 terminatus,
722 1081 819 1149 longus
850 1090 912 1147 est,
946 1089 976 1131 ut
1005 1082 1106 1149 Aenea,

68 1144 164 1215 'hylo‚
188 1148 280 1200 Palla.
314 1151 409 1217 [Ordo
432 1158 527 1201 tamen
552 1161 608 1202 ests
630 1152 672 1202 his
697 1150 821 1217 adiungit
843 1149 981 1218 quomodo
1005 1151 1031 1200 H
1047 1151 1105 1201 lam

89 1224 171 1269 uutae
188 1218 355 1279 clamassent
378 1220 407 1269 in
424 1220 500 1270 lonte
518 1218 664 1284 relictum]
681 1248 715 1256 -
756 1228 799 1275 40.
820 1218 1006 1270 Fortunatam
1026 1168 1105 1270 iasi-

88 1286 177 1350 ptasm
201 1294 270 1338 nota
288 1286 381 1339 fabula
400 1287 476 1354 [est]‚
494 1288 667 1339 Cretensium
685 1286 837 1354 Reginam,
865 1286 967 1337 Minois
985 1302 1107 1353 tuorem,

87 1368 144 1433 strae
158 1355 237 1406 tauri
254 1368 349 1406 amore
366 1356 493 1423 flagravit
508 1358 549 1423 [et
566 1357 644 1408 enixa
661 1357 851 1406 Minotaurum
868 1354 974 1406 crimen
991 1355 1107 1407 densen-

87 1426 210 1475 haesitae
229 1422 384 1493 publicavit.
418 1426 518 1476 Amore
536 1424 648 1493 quidam
665 1439 716 1494 pro
735 1426 766 1474 in
785 1440 878 1474 amore
898 1424 1055 1489 accipiunt]
1071 1450 1107 1463 -·

83 1494 120 1548 47.
133 1490 175 1541 Aa
191 1494 276 1559 virgo
296 1492 416 1611 ‘'jl‘mr'
434 1493 469 1544 ad
486 1493 539 1544 hoc
556 1495 686 1561 pertinet,
702 1493 776 1559 qnod
789 1493 828 1543 ait
839 1492 967 1543 Solaturr
986 1500 1017 1541 ut
1032 1491 1106 1561 quod
1157 1504 1161 1521 ²

84 1566 149 1611 susat
163 1568 294 1625 taurum,
330 1568 445 1612 ortunae
463 1562 550 1629 magis
569 1561 690 1612 videatur
706 1576 777 1623 esse,
794 1577 878 1629 quam
893 1575 1012 1610 morum.
1049 1562 1107 1612 Vir-

82 1640 112 1693 go
132 1636 243 1693 autem,
267 1637 298 1679 ut
314 1629 429 1680 diximus
446 1645 529 1697 supra
553 1630 626 1697 (Ecl.
652 1636 683 1691 3,
707 1631 767 1690 90.)
774 1666 782 1691 ‚
805 1646 822 1681 a
840 1629 966 1679 viridiore
984 1628 1107 1694 (dicitur)

83 1702 180 1765 telate:
204 1714 273 1747 nam
296 1696 353 1749 iam
370 1706 460 1750 mater
483 1700 574 1750 fueret
590 1697 744 1760 Phaedrae,
767 1697 913 1761 Ariadnes,
938 1695 987 1765 [et]
1002 1698 1106 1748 Andro·

97 1765 129 1817 ei.
166 1764 284 1833 [Calvus
306 1765 335 1817 in
357 1766 403 1818 Io:
427 1767 468 1816 Ah
490 1770 571 1833 virgo
596 1767 700 1833 infelix
723 1765 966 1831 herbis'posceris
990 1767 1105 1818 ornaris.

81 1778 194 1903 bruslum
211 1836 311 1901 virgo,
326 1838 388 1894 hren
406 1836 479 1903 quod
502 1836 593 1885 virum
616 1835 663 1885 illo
681 1843 808 1901 tempore
825 1850 881 1883 non
904 1833 1034 1896 haberet,
1060 1833 1107 1885 sed

81 1902 141 1971 quia
156 1900 220 1954 ulis
236 1902 263 1954 ei
280 1919 369 1972 poena
385 1903 442 1954 iam
459 1903 560 1971 virgini
577 1905 711 1953 destinata
727 1904 775 1968 sit,
791 1901 962 1969 intelligunt,
980 1901 1016 1952 ob
1033 1903 1107 1955 iram

80 1972 179 2023 scilicet
201 1972 330 2035 Veneris,
361 1986 431 2039 qnae
454 1971 526 2023 irata
550 1970 620 2035 Soli,
647 1971 720 2038 quod
744 1987 786 2034 se,
814 1978 846 2020 ut
869 1971 983 2038 quidam
1006 1970 1109 2036 volunt,

80 2040 227 2103 Anchisae,
249 2048 297 2089 aut
321 2039 367 2090 alii
390 2040 476 2091 Marti
499 2039 675 2091 coniunctam
700 2037 875 2106 prodidisset,
899 2026 1023 2089 suliolem
1049 2040 1107 2091 eius

80 2104 227 2160 inhonestis
245 2109 385 2159 amoribus
401 2109 533 2172 subiecit,
556 2117 587 2158 nt
604 2109 718 2172 Circen,
736 2107 880 2171 Medeam,
896 2108 1062 2177 Pasiphaen3
1080 2113 1109 2158 et

81 2172 131 2227 hoc
147 2172 262 2229 dicitur:
286 2178 318 2227 In
334 2176 380 2229 illa
397 2177 611 2229 commiserabili
629 2175 770 2227 dementia
786 2176 921 2228 feliciores
939 2177 1019 2227 fuisse
1037 2192 1108 2245 quae

82 2258 109 2296 ta
129 2244 262 2297 animalia
283 2245 447 2311 credebaut,
478 2262 562 2313 qnam
584 2245 751 2311 Pasiphaen,
778 2261 863 2310 quae,
887 2261 950 2295 cum
975 2246 1058 2296 sciret
1078 2261 1108 2295 se

82 2310 234 2379 hominem,
257 2320 370 2364 taurum
393 2314 554 2366 sectabatur.
592 2312 713 2379 Quaere
732 2314 868 2364 dementia
888 2316 973 2379 cepit;
997 2314 1042 2364 hie
1060 2312 1108 2363 ob·

83 2379 184 2451 iurgari
200 2383 305 2449 magis,
329 2399 413 2451 quam
436 2381 573 2434 consolari
596 2382 716 2445 videtur,
742 2399 777 2431 an
802 2381 867 2448 quia
893 2382 1056 2434 corseolantis
1080 2388 1108 2433 et

69 2446 133 2515 ,hae
155 2450 278 2501 officium
302 2458 357 2516 est,
380 2460 410 2517 ut
433 2458 588 2504 merentem
612 2449 731 2500 strictim
754 2456 782 2500 et
808 2448 973 2515 obiurgetl]
995 2476 1030 2489 -
1064 2453 1108 2508 48.

87 2516 221 2573 Proetides
245 2516 397 2586 implirunt
415 2521 507 2588 falsis
533 2521 686 2586 mugitibus
712 2535 813 2584 agros,·
838 2518 993 2584 Proetides,
1008 2518 1109 2583 Proeti,

86 2586 309 2652 etStenohoeae,
333 2588 388 2640 sive
406 2590 539 2657 Antiopae
562 2587 714 2638 secundum
731 2588 884 2638 Homerum
907 2586 979 2637 iiliae
996 2588 1109 2638 luerunt

87 2654 222 2727 [Lysippe,
248 2658 385 2728 Ipponoe,
406 2654 588 2727 Cyrianassa]
620 2658 679 2706 Hae
702 2672 731 2705 se
749 2671 813 2705 cum
829 2655 926 2706 Iunoni
942 2656 973 2705 in
990 2654 1110 2723 pulchri·

87 2726 173 2777 udins
191 2724 391 2795 praetulissent,
407 2726 460 2795 [vel
476 2734 507 2776 ut
524 2725 636 2793 quidam
654 2724 842 2786 volunt,cun1
861 2730 951 2774 essent
968 2723 1109 2789 antistites,

89 2808 162 2846 susae
185 2800 250 2845 sunt
271 2794 338 2844 vesti
360 2795 418 2846 eius
443 2810 542 2847 aurum
564 2794 720 2844 detractum
742 2792 772 2841 in
798 2807 877 2841 usum
901 2806 981 2841 suum
999 2806 1109 2842 conver-

90 2860 164 2929 tereJ:
186 2862 234 2913 illa
250 2861 323 2919 irata
339 2862 413 2914 hunc
430 2864 554 2914 furorem
572 2877 669 2912 earum
684 2859 802 2910 immisit
819 2859 973 2925 mentibus,
998 2865 1044 2922 ut,
1060 2876 1110 2930 pu·

90 2926 342 2992 mansuescens,
365 2932 396 2981 in
412 2932 493 2981 saltus
518 2926 641 2995 abirent,
666 2936 694 2979 et
716 2928 879 2996 plerumque
903 2929 1058 2995 mugirent,
1082 2936 1111 2979 et

90 3000 215 3053 timerent
228 3006 328 3050 aratra.
363 3000 416 3049 Has
433 2999 587 3069 Melampus
604 2995 780 3066 Amythaonis
796 2996 867 3047 filius
884 3005 965 3065 pacta
982 2995 1110 3049 mercede

91 3074 118 3119 ut
131 3068 322 3137 Cyrianassam
346 3082 461 3119 uxorem
484 3084 547 3118 curn
565 3074 644 3135 parte
666 3065 747 3132 regni
772 3065 925 3137 acciperet,
947 3065 1051 3136 placata
1067 3066 1111 3116 Iu-

92 3150 169 3203 none,
193 3136 305 3193 iniecto,
324 3136 415 3201 fonte,
436 3135 484 3187 ubi
507 3135 601 3186 solitae
628 3143 707 3185 erant
729 3132 843 3197 bibere,
866 3136 1006 3200 purgavit,
1030 3141 1057 3185 et
1081 3133 1111 3186 in
1152 3186 1155 3191 ,

122 3206 231 3259 ’atinum
254 3220 365 3257 sensum
387 3203 501 3273 redusit.
525 3231 560 3240 -
603 3209 645 3260 50.
670 3201 761 3269 [Collo
787 3205 942 3267 timuisset,-
966 3202 1112 3254 Terentius

102 3274 240 3339 Heaut'⁸3,
256 3282 290 3337 2,
307 3279 350 3328 20.
369 3273 417 3324 ubi
435 3270 474 3323 est
491 3270 608 3331 timui).·
626 3270 693 3337 Syre
711 3272 765 3322 sibi
782 3274 885 3321 timuit.
898 3296 928 3307 -—
966 3278 1008 3328 51.
1027 3268 1112 3334 Levi3

94 3336 205 3395 huncne
219 3341 332 3393 scilicet.
349 3366 384 3378 -
417 3346 460 3401 53.
477 3338 530 3393 itta
547 3342 624 3393 latus
643 3341 755 3393 nissum
764 3364 775 3406 5
793 3340 853 3413 qsds
871 3356 933 3394 eam
951 3339 1039 3391 amari
1056 3356 1113 3393 nou

119 3530 151 3585 st)
177 3539 218 3578 rm
238 3538 306 3579 roan
323 3538 348 3577 a.
362 3539 387 3576 a.
402 3540 450 3577 vo..
471 3538 540 3588 supa
555 3544 575 3575 a
589 3536 615 3575 21.
630 3538 709 3583 nnis„
728 3536 781 3574 nm.
796 3535 856 3573 nass.
885 3533 953 3572 ouctt.
966 3534 982 3572 a
997 3534 1053 3571 au
1067 3535 1115 3584 ra-

83 3612 87 3619 ·
168 3595 225 3643 laras
245 3595 323 3646 Hylam
337 3608 425 3645 puerum
440 3598 530 3634 canutam
545 3594 654 3638 Herculis,
676 3607 733 3644 quem
749 3590 877 3642 perdiditin
890 3590 969 3640 finibus
983 3592 1042 3629 r'oais's
1056 3593 1116 3630 iussa

170 3654 250 3697 arom,
271 3665 309 3691 nec
322 3646 487 3704 usquumpotuit
502 3653 590 3701 reperire
610 3650 639 3697 (a.
658 3649 754 3700 reperiri)
777 3654 814 3685 etc.
841 3649 880 3685 Pro
899 3649 956 3687 (linei
976 3648 1029 3686 nau.
1046 3647 1116 3694 calci,

172 3710 230 3749 Onici
241 3722 258 3747 s.
272 3711 360 3749 Ascaru'i
378 3710 479 3747 malebant
493 3710 550 3746 Voss.
564 3705 635 3748 Heius.
653 3714 675 3744 et
687 3705 792 3746 Muucker.
805 3702 832 3743 sd
845 3703 919 3757 Hygin-
933 3702 975 3741 sab.
989 3700 1023 3742 14.
1044 3715 1065 3753 p.
1079 3698 1115 3741 46.

169 3766 195 3802 V.
208 3766 291 3803 aalma.
304 3766 403 3804 Exercitt.
416 3766 482 3805 Pliun.
496 3778 516 3815 p.
531 3764 580 3804 617.
866 3788 869 3793 ·

123 3836 153 3891 ⁴8l
181 3844 275 3893 (iudi-1·
289 3847 313 3885 Π.
333 3848 370 3887 illa
390 3850 444 3887 irata
458 3848 512 3886 hunc
533 3858 621 3885 errorem
641 3858 710 3883 aarum
732 3843 808 3882 inmisit
828 3839 938 3885 mentibus,
958 3846 981 3877 ut
1000 3853 1022 3878 re
1040 3852 1115 3878 vaceae

168 3910 278 3952 murem,-
304 3904 354 3942 adeo
375 3912 398 3942 nt
412 3904 532 3957 plerumque
554 3904 629 3953 irrugit.
650 3908 669 3938 et
687 3902 730 3939 nin.
749 3905 828 3937 arutru.
862 3900 909 3936 Huc
928 3896 1026 3948 Melump.
1042 3904 1115 3947 postea

168 3970 268 4010 purgasse
278 3961 410 4010 salibam,-
424 3959 506 4012 reliquis
521 3958 611 4006 omissis3
626 3964 646 3995 st
659 3957 687 3996 rie
701 3959 724 3994 ll.
738 3957 765 3994 R.
780 3955 827 3993 Vos.
841 3954 867 3991 sl.

124 4032 155 4087 il)
180 4039 245 4079 aam.
260 4044 342 4089 anseres
357 4048 377 4079 et
389 4041 411 4081 iu
426 4048 506 4085 maott
519 4040 593 4087 Forte,
606 4029 655 4093 quisi
669 4054 712 4080 eam
727 4052 795 4081 amors
809 4050 850 4078 non
864 4038 975 4089 intelligat.

954 4188 969 4213 ἱ
