2424 4506
226 258 447 325 sss-naen.
467 258 626 363 aucoa.
648 260 714 336 111,
738 204 861 331 s-a‘
896 239 908 269 “
995 266 1060 336 111

30 443 123 510 nabit,
145 459 253 498 curare
267 445 352 498 debet
375 453 439 499 ante
459 446 568 513 omnia,
591 465 629 499 ne
652 446 757 498 similet
780 446 833 499 sibi
856 445 912 500 sint
934 445 1061 516 eclogae:

26 515 89 636 ppd
102 513 196 567 etiam
212 514 342 593 Yirgilius
363 515 439 567 fecit.
474 517 553 596 Nam⁵
571 517 662 586 prima
685 516 876 596 hahettunius
901 515 1007 567 otium:
1031 523 1069 579 et,

67 599 139 648 nus,
173 600 223 651 qui
245 583 281 635 de
307 598 358 634 suo
389 600 458 650 agro
489 584 614 655 pelhtur,
645 593 882 654 conquestionem.
935 584 1061 638 Secunda

30 659 156 704 mantem
174 652 312 722 exprimit.
321 653 467 704 rusticum.
500 656 577 706 Haec
594 671 659 706 vero
677 655 737 705 litos
754 654 842 706 habet
859 662 887 706 et
904 654 1060 706 altercatio·
1148 690 1152 697 ,

31 732 88 773 um.
120 720 205 774 Unde
218 725 303 773 etiam
315 722 470 774 dramatico
484 730 627 775 caractere
641 724 743 793 scripta
757 732 804 777 est.
832 724 907 774 Nam
920 739 1060 792 nusquam

54 791 66 801 ”
104 789 247 859 loquitur:
264 791 313 842 aed
325 789 500 861 introductae
512 799 622 844 tantum
636 807 780 862 personae.
814 791 1059 845 Novimus'autem

23 860 70 925 atet
84 867 245 913 caracteres
268 860 319 912 hos
343 876 401 912 esse
418 860 542 913 dicendi:
571 862 663 913 Unum
688 878 735 914 exe
757 861 925 927 ematicum,
948 861 978 912 in
1002 878 1059 929 quo

27 928 122 980 ιιιιιιιιιι
151 933 239 996 poeta
262 918 405 997 loquitur:
436 937 467 981 ut
497 939 538 982 est
567 930 598 981 in
622 930 710 982 tribus
736 877 818 982 libris
843 930 1059 1000 Georgicorum.

25 992 102 1049 tham
124 997 332 1062 dramaticum,
354 997 385 1048 in
406 1014 462 1067 quo
486 1015 624 1067 nusquam
647 1004 728 1069 pnite
751 998 887 1068 loquitur:
910 1008 944 1057 ut¹
965 1007 1006 1051 est
1028 1000 1059 1049 in

23 1067 166 1119 “moediis
190 1075 221 1121 et
245 1066 405 1136 tragoediis.
441 1067 570 1120 Tertium
595 1068 728 1135 mixtum,
751 1076 783 1118 ιιι
807 1069 902 1135 estin
923 1068 1059 1122 Aeneide:

19 1144 77 1187 tm
96 1143 127 1189 et
142 1141 229 1205 pe'e'ta
245 1134 317 1200 illic,
341 1142 369 1186 ct
385 1136 562 1190 introductae
580 1153 715 1205 personae
738 1136 908 1205 loquuntur(
936 1137 1058 1188 Hos'au·

18 1204 70 1256 lem
92 1221 196 1259 omnes
217 1211 377 1257 caracteres
399 1205 429 1255 in
454 1206 579 1257 bucolico
597 1224 655 1258 esse
678 1205 806 1259 convenit
822 1206 962 1259 carmine:
985 1207 1069 1257 sicut.

13 1264 79 1327 ibet·
95 1276 190 1328 etiam
205 1275 257 1327 itte
274 1274 455 1327 demonstrat.
489 1275 562 1326 Nam
580 1275 666 1328 habet
687 1277 786 1344 [illum
804 1274 1058 1342 exegematicum,]

11 1336 40 1395 iu
60 1359 120 1412 quo
144 1351 257 1396 tantum
281 1338 524 1411 poeta,loquitur:
547 1351 578 1394 ut
595 1347 642 1411 (E.
662 1353 695 1409 2,
714 1345 772 1408 1.):
789 1343 932 1396 Sicelides
951 1362 1058 1410 musae,
1084 1366 1091 1383 ι

10 1413 94 1475 paula
116 1415 231 1464 maiora
250 1429 397 1463 canamus.
433 1412 524 1463 Habet
540 1414 671 1477 mixtum,
695 1421 726 1464 ut
743 1414 790 1480 (E.
808 1418 858 1479 10,
878 1414 932 1476 1.):
960 1414 1059 1473 Extre-

10 1494 86 1533 mum
103 1481 185 1532 hunc
199 1481 338 1533 Arethusa
357 1480 429 1531 mihi
447 1484 564 1533 concede
583 1484 714 1534 laborem.
748 1483 822 1534 Nam
840 1483 927 1534 etiam
944 1482 1057 1534 Gallum

10 1545 62 1603 illie
79 1551 193 1604 inducit
208 1551 377 1619 loquentem.
412 1548 503 1601 Habet
521 1552 715 1616 dramaticum,
730 1558 761 1602 ut
778 1551 808 1603 in
825 1552 919 1619 prima
936 1552 1055 1619 Ecloga:

10 1614 76 1672 item
99 1621 132 1672 in
150 1620 222 1686 hac,
246 1636 333 1688 quarn
348 1617 421 1669 miro
440 1620 537 1671 ordine
561 1637 593 1672 ex
616 1621 699 1672 rebus
716 1621 910 1672 communibus
927 1622 1056 1673 veniente

10 1689 179 1759 composuit.
212 1689 304 1740 Habet
316 1689 394 1741 enim
411 1685 441 1738 in
458 1687 517 1758 ipso
536 1689 613 1757 quasi
632 1690 723 1757 primo
742 1704 858 1739 occursu
874 1691 936 1741 lites
954 1697 987 1742 et¹
998 1689 1055 1740 iur-

10 1757 64 1879 p‘n
99 1760 171 1811 Inde
190 1757 333 1826 qtaaeritur
350 1758 446 1820 iudex,
471 1773 525 1826 quo
543 1767 688 1829 praesente
705 1757 829 1811 habeant
846 1759 1009 1812 conflictum
1027 1767 1055 1811 et

26 1826 250 1899 ineptationem.
287 1825 420 1896 Sequitur
431 1825 496 1878 inde
513 1829 658 1894 sententis,
675 1845 746 1898 quae
765 1826 891 1880 universa
908 1827 1054 1880 concludit.

10 1894 118 1948 cuium
142 1913 246 1965 pecus,·
276 1895 312 1948 ab
343 1894 529 1947 amaritudine
559 1899 660 1966 coepit.
699 1899 773 1949 Nam
796 1895 926 1949 dicendo:
955 1900 1053 1949 cuium
1085 1912 1092 1921 ·

10 1980 111 2032 mas,
135 1965 255 2017 ostendit
278 1981 342 2016 eum
367 1979 425 2015 esse
447 1966 661 2017 mercenarium.
702 1969 769 2035 [Est
791 1972 887 2017 autern
910 1966 1055 2018 Theocriti

10 2050 145 2089 wmen:
173 2031 232 2088 εἰπέ
253 2053 303 2103 μοι
321 2024 350 2087 ,ὦ
373 2029 520 2102 Κορῦὃων,
547 2037 618 2088 sirac
635 2033 673 2092 ,αἱ
692 2032 778 2106 βόες.)
802 2025 821 2100 ἦ
843 2035 879 2102 ῥα
903 2031 1053 2089 cataleta?

10 2100 65 2171 es'e,
85 2099 146 2159 ἄλλ’
162 2104 309 2175 Αἷγιινοι.]
346 2103 449 2153 Guium
467 2111 561 2156 autem
579 2105 695 2174 antique¹
710 2107 761 2170 ait,
777 2104 865 2157 vitans
882 2098 1054 2174 ὄμοιοτέλευ-

10 2186 71 2239 rer,
96 2193 136 2228 ne
158 2175 267 2228 diceret
291 2177 377 2224 cuius
400 2189 501 2237 pecus:
525 2175 600 2241 quod
627 2176 710 2226 modo
733 2174 821 2226 trium
845 2183 886 2227 est
908 2171 1053 2243 generum.

10 2242 123 2315 &ntiqui
139 2243 272 2296 dicebant
286 2243 358 2295 sicut
375 2259 469 2307 meus,
486 2259 561 2301 mea,
585 2261 692 2312 meum,
715 2244 754 2295 sic
772 2247 873 2310 cuius,
896 2247 979 2312 cuia,
1004 2261 1052 2294 cu-

10 2314 78 2366 inm.
114 2312 265 2365 Terentius
283 2312 372 2377 (Eun.
389 2319 423 2373 2,
440 2318 473 2376 3,
490 2313 561 2374 29.):
580 2312 661 2380 Quid
678 2317 776 2381 virga,
793 2317 860 2364 cuia
878 2315 939 2364 est?
957 2343 993 2352 —
1027 2323 1052 2370 ι’.

10 2374 92 2449 Non,
117 2400 218 2434 aerum
234 2382 379 2449 Aegonis3
402 2396 499 2449 amare
522 2382 607 2434 etiam
623 2383 669 2434 hic
689 2383 781 2434 rivalis
799 2383 856 2434 eius
874 2399 976 2453 pecora
995 2400 1053 2437 essa

10 2450 90 2505 neit:
122 2456 155 2503 'ut
180 2459 208 2501 et
228 2451 334 2505 divitias
357 2448 429 2501 illius
454 2451 594 2502 ostendat:
623 2460 651 2503 et
676 2453 762 2518 dicat,
784 2451 866 2504 duras
888 2469 948 2504 esse
970 2453 1052 2505 huius

10 2518 150 2593 [partes,]
175 2520 327 2588 siqnidem
344 2518 448 2581 rivalis,
466 2519 492 2569 ei
509 2520 617 2571 traditis
636 2521 745 2586 ovibus,
761 2521 833 2572 solus
851 2520 958 2574 amicae
976 2539 1051 2587 com·
1085 2554 1088 2558 -

10 2591 103 2643 murcie
119 2589 266 2642 amoribus
283 2595 368 2639 vacet.
403 2585 480 2638 Mihi
498 2591 633 2650 tradidit3
659 2606 739 2642 meae
763 2588 829 2642 fidei
846 2592 1000 2656 commisit,
1024 2601 1052 2644 et

10 2660 189 2712 eredidit-
224 2646 249 2716 ὅ.
268 2656 387 2725 [Infelix
406 2675 421 2707 o
440 2674 547 2722 semper
567 2661 628 2711 ovis
645 2677 730 2727 pecus
737 2683 746 2722 ,-
764 2660 832 2710 ordo
851 2668 907 2712 est:
924 2676 941 2709 ο
957 2660 1052 2713 infelix

10 2740 92 2795 pactu
116 2728 318 2797 temperetis:
340 2725 358 2777 i.
377 2745 400 2777 e.
423 2741 534 2794 semper
558 2730 684 2779 iuturum
700 2727 857 2794 imbecille]
892 2728 1051 2794 Neaeram,-

10 2798 132 2851 amicam
151 2811 332 2848 communem
349 2811 429 2846 suam
447 2802 475 2847 et
491 2797 644 2848 Menalcae.
663 2826 697 2835 —
731 2801 757 2855 4.
777 2797 855 2847 Dum
868 2797 964 2866 fovet5
982 2799 1050 2850 dum

10 2866 196 2938 mplectitur.
232 2864 375 2934 Praeferat
395 2865 462 2928 illa,
486 2869 613 2930 cererin,-
640 2883 672 2917 ac
696 2867 720 2919 si
745 2866 865 2930 diceret,
885 2867 951 2925 ¹ideo
969 2869 1051 2920 timet

10 2935 44 2989 ιιι
59 2936 109 2987 illa
126 2935 286 2997 discedere,
309 2933 374 3002 quia
391 2934 457 2996 scit,
480 2951 527 2986 me
545 2934 696 3003 praeferri,
718 2936 741 2988 si
758 2936 817 3005 ipse
834 2935 998 2991 discesserit.
1014 2965 1051 2977 -·-

10 3006 204 3074 5.[Alienus;
230 3002 348 3063 alienus⁴
363 3002 478 3067 dicitur,
494 3004 619 3073 quamvis
636 3005 732 3057 inisset
749 3006 782 3056 de
799 3005 879 3074 ipsis,
896 3014 925 3057 et
940 3024 997 3060 non
1015 3008 1051 3058 sit
1112 3034 1114 3038 =

12 3074 141 3137 elianus5
160 3081 277 3142 propter
294 3071 487 3125 crudelitatem
505 3082 533 3125 et
549 3073 694 3126 avaritiam
712 3073 812 3123 dir-itur
831 3075 964 3153 alienus]
999 3077 1049 3128 Bis

11 3144 68 3194 erui
86 3145 168 3194 etin
186 3139 430 3209 heraequodn'x
453 3157 503 3208 per
528 3150 617 3193 totum
635 3143 710 3194 diem
729 3141 812 3193 debet
831 3142 862 3194 in
881 3145 975 3196 ovibus
991 3148 1050 3199 foe·

10 3162 104 3263 mb’e
120 3210 193 3264 fieri.
216 3211 300 3266 „Nam
325 3225 376 3277 pro
402 3209 482 3262 laude
506 3210 535 3262 in
554 3197 699 3278 Georgicis
717 3208 888 3278 posuit,¹bis
914 3214 950 3265 ad
971 3215 1048 3268 diem

10 3281 127 3345 mulgeri
151 3295 228 3332 oves:
251 3280 344 3331 dicens
369 3277 412 3341 (G.
432 3287 465 3340 3,
481 3283 569 3340 4000:
592 3279 675 3346 Quod
699 3294 827 3348 surgente
853 3283 898 3333 die
923 3286 1051 3352 mulsere,

10 3344 140 3416 larisque
167 3350 299 3413 diurnis,
319 3346 406 3423 Nocte
429 3361 573 3415 premunt=
598 3352 672 3416 quod
698 3353 758 3413 iam,
780 3352 903 3403 tenebris
927 3352 976 3418 (L.
992 3354 1051 3407 iam

10 3421 71 3482 ιι.)
96 3431 122 3470 et
140 3420 200 3470 sole
224 3414 353 3479 cadente,
378 3416 434 3467 Sub
462 3419 552 3469 lucem
578 3432 725 3485 exportant
743 3421 872 3471 calathis.
908 3421 981 3488 Quid
1003 3440 1051 3476 au-
1081 3423 1091 3444 ⁸

10 3489 131 3555 tenerit:
157 3486 207 3538 Bis
226 3488 331 3555 mulget
355 3487 386 3536 in
404 3485 491 3551 bora,
515 3488 573 3556 ipse
597 3490 679 3541 dicit:
704 3488 739 3539 Et
763 3506 867 3539 succus
889 3494 999 3558 pecori,
1025 3505 1050 3543 et

11 3554 52 3607 lec
76 3557 249 3616 subducitur
273 3556 367 3626 agnis.
385 3582 417 3591 -
460 3565 485 3612 7.
504 3557 626 3608 Parcius
634 3581 643 3621 ,·
669 3550 767 3610 melius
791 3559 836 3609 hic
856 3558 1049 3628 distinguitur:

10 3622 70 3679 teet
115 3625 182 3677 assit
204 3625 259 3677 diri
282 3626 528 3691 etiam,-parcius
553 3628 617 3676 ista.
659 3626 757 3678 Sensus
782 3635 876 3681 autem
900 3636 954 3680 est:
984 3629 1049 3682 Noli

10 3643 174 3748 rudebaec
191 3695 328 3759 obiicere,
350 3702 446 3745 tamen
471 3696 621 3747 scissuris
645 3684 764 3748 sortibus
788 3696 959 3749 obiiciendas
975 3700 1049 3768 rapi·

10 3778 61 3817 ιιιι.
86 3766 150 3836 Ipse
164 3763 241 3815 enim
253 3763 333 3816 sitin
349 3764 402 3814 VII.
414 3762 480 3828 (tu)
497 3764 673 3830 (DanGueli.
684 3767 743 3817 1.11.
759 3766 859 3827 nond:
878 3766 1047 3818 convectare

10 3833 557 3901 duvatpraedas„etvt‘vererapta-
600 3840 624 3891 8.
644 3834 785 3886 Novimus
811 3849 835 3885 et
853 3837 902 3900 qui
919 3847 961 3899 te,·
984 3837 1048 3888 sub·
1128 3866 1139 3879 ··

10 3905 81 3956 adn
104 3903 301 3969 corruperint,
325 3901 399 3969 quod
421 3904 572 3970 suppressit
592 3905 762 3955 verecunde:
793 3906 858 3957 licet
881 3903 1047 3955 Theocritus

10 3981 101 4043 aperte
117 3974 209 4040 ipsam
229 3970 428 4040 turpitudinem
453 3979 538 4033 ponat
555 3980 583 4022 et
600 3972 749 4043 exprimat:
771 3965 814 4028 'H
828 3967 861 4026 οὗ
877 3969 990 4041 μέμναιί
1007 3969 1047 4027 de'

10 4038 54 4112 iyei
72 4038 218 4110 metii-atat
235 4046 281 4095 sat
301 4037 335 4094 τῦ
359 4037 479 4111 deruptis
501 4031 540 4096 ai.
557 4036 624 4096 πότι
649 4041 791 4114 sepellire.
832 4044 953 4114 [Figura
973 4043 1046 4100 haec
1093 4095 1097 4112 ,
