<?xml version="1.0" encoding="UTF-8"?>
<!DOCTYPE html PUBLIC "-//W3C//DTD XHTML 1.0 Transitional//EN"
    "http://www.w3.org/TR/xhtml1/DTD/xhtml1-transitional.dtd">
<html xmlns="http://www.w3.org/1999/xhtml" xml:lang="en" lang="en">
 <head>
  <title>
</title>
<meta http-equiv="Content-Type" content="text/html;charset=utf-8" />
  <meta name='ocr-system' content='tesseract 3.04.00' />
  <meta name='ocr-capabilities' content='ocr_page ocr_carea ocr_par ocr_line ocrx_word'/>
</head>
<body>
  <div class='ocr_page' id='page_1' title='image "./commentariiinvi01servgoog_0374.png"; bbox 0 0 2424 4506; ppageno 0'>
   <div class='ocr_carea' id='block_1_1' title="bbox 230 94 1091 185">
    <p class='ocr_par' dir='ltr' id='par_1_1' title="bbox 230 94 1091 185">
     <span class='ocr_line' id='line_1_1' title="bbox 230 94 1091 185; baseline 0.005 -12"><span class='ocrx_word' id='word_1_1' title='bbox 230 128 267 173; x_wconf 72' lang='lat' dir='ltr'><strong>n«</strong></span> <span class='ocrx_word' id='word_1_2' title='bbox 287 108 448 175; x_wconf 81' lang='lat' dir='ltr'><strong>v1ao11..</strong></span> <span class='ocrx_word' id='word_1_3' title='bbox 471 94 634 175; x_wconf 80' lang='lat' dir='ltr'><strong>otono.</strong></span> <span class='ocrx_word' id='word_1_4' title='bbox 657 115 694 185; x_wconf 87' lang='lat'><strong>1.</strong></span> <span class='ocrx_word' id='word_1_5' title='bbox 716 114 915 181; x_wconf 74' lang='lat' dir='ltr'><strong>sas-usa</strong></span> <span class='ocrx_word' id='word_1_6' title='bbox 1025 111 1091 177; x_wconf 80' lang='lat' dir='ltr'><strong>sot</strong></span> 
     </span>
    </p>
   </div>
   <div class='ocr_carea' id='block_1_2' title="bbox 10 276 1149 1401">
    <p class='ocr_par' dir='ltr' id='par_1_2' title="bbox 10 276 1112 1125">
     <span class='ocr_line' id='line_1_2' title="bbox 10 276 1112 371; baseline -0.007 -17"><span class='ocrx_word' id='word_1_7' title='bbox 10 276 49 339; x_wconf 58' lang='lat' dir='ltr'><strong>d</strong></span> <span class='ocrx_word' id='word_1_8' title='bbox 82 288 242 371; x_wconf 52' lang='lat' dir='ltr'><strong>Rhytion</strong></span> <span class='ocrx_word' id='word_1_9' title='bbox 268 296 379 353; x_wconf 74' lang='lat' dir='ltr'><strong>radone</strong></span> <span class='ocrx_word' id='word_1_10' title='bbox 400 296 480 351; x_wconf 88' lang='lat' dir='ltr'><strong>nobis</strong></span> <span class='ocrx_word' id='word_1_11' title='bbox 502 305 566 351; x_wconf 86' lang='lat' dir='ltr'><strong>sunt</strong></span> <span class='ocrx_word' id='word_1_12' title='bbox 588 296 634 351; x_wconf 87' lang='lat' dir='ltr'><strong>lnc</strong></span> <span class='ocrx_word' id='word_1_13' title='bbox 690 297 755 351; x_wconf 85' lang='lat' dir='ltr'><strong>itae.</strong></span> <span class='ocrx_word' id='word_1_14' title='bbox 802 293 987 349; x_wconf 81' lang='lat' dir='ltr'><strong>Prohibemur</strong></span> <span class='ocrx_word' id='word_1_15' title='bbox 1013 291 1112 361; x_wconf 50' lang='lat' dir='ltr'><strong>urias,</strong></span> 
     </span>
     <span class='ocr_line' id='line_1_3' title="bbox 10 358 1091 438; baseline -0.007 -15"><span class='ocrx_word' id='word_1_16' title='bbox 10 358 176 423; x_wconf 50' lang='lat' dir='ltr'><strong>”Pure</strong></span> <span class='ocrx_word' id='word_1_17' title='bbox 201 368 316 423; x_wconf 78' lang='lat' dir='ltr'><strong>adustas</strong></span> <span class='ocrx_word' id='word_1_18' title='bbox 339 368 460 438; x_wconf 73' lang='lat' dir='ltr'><strong>regionis</strong></span> <span class='ocrx_word' id='word_1_19' title='bbox 483 369 615 419; x_wconf 84' lang='lat' dir='ltr'><strong>calorem.</strong></span> <span class='ocrx_word' id='word_1_20' title='bbox 667 366 708 419; x_wconf 87' lang='lat' dir='ltr'><strong>&#39;ed</strong></span> <span class='ocrx_word' id='word_1_21' title='bbox 731 365 796 436; x_wconf 82' lang='lat' dir='ltr'><strong>quia</strong></span> <span class='ocrx_word' id='word_1_22' title='bbox 818 364 967 419; x_wconf 87' lang='lat' dir='ltr'><strong>me&#39;ridiem</strong></span> <span class='ocrx_word' id='word_1_23' title='bbox 990 362 1091 416; x_wconf 86' lang='lat' dir='ltr'><strong>bruma</strong></span> 
     </span>
     <span class='ocr_line' id='line_1_4' title="bbox 10 426 1093 507; baseline -0.004 -18"><span class='ocrx_word' id='word_1_24' title='bbox 10 426 318 504; x_wconf 50' lang='lat' dir='ltr'><strong>“mdvartimuu</strong></span> <span class='ocrx_word' id='word_1_25' title='bbox 341 438 413 489; x_wconf 85' lang='lat' dir='ltr'><strong>ultra</strong></span> <span class='ocrx_word' id='word_1_26' title='bbox 435 437 523 489; x_wconf 85' lang='lat' dir='ltr'><strong>solem</strong></span> <span class='ocrx_word' id='word_1_27' title='bbox 547 452 681 506; x_wconf 76' lang='lat' dir='ltr'><strong>maguum</strong></span> <span class='ocrx_word' id='word_1_28' title='bbox 705 436 824 507; x_wconf 84' lang='lat' dir='ltr'><strong>spatium</strong></span> <span class='ocrx_word' id='word_1_29' title='bbox 841 433 912 487; x_wconf 89' lang='lat' dir='ltr'><strong>coeli</strong></span> <span class='ocrx_word' id='word_1_30' title='bbox 926 448 1024 487; x_wconf 73' lang='lat' dir='ltr'><strong>uacare</strong></span> <span class='ocrx_word' id='word_1_31' title='bbox 1040 430 1093 485; x_wconf 86' lang='lat' dir='ltr'><strong>sci-</strong></span> 
     </span>
     <span class='ocr_line' id='line_1_5' title="bbox 46 492 1093 575; baseline -0.003 -20"><span class='ocrx_word' id='word_1_32' title='bbox 46 492 114 555; x_wconf 57' lang='lat' dir='ltr'><strong>m»</strong></span> <span class='ocrx_word' id='word_1_33' title='bbox 147 510 188 556; x_wconf 70' lang='lat' dir='ltr'><strong>et</strong></span> <span class='ocrx_word' id='word_1_34' title='bbox 201 504 234 557; x_wconf 87' lang='lat' dir='ltr'><strong>in</strong></span> <span class='ocrx_word' id='word_1_35' title='bbox 249 506 422 558; x_wconf 84' lang='lat' dir='ltr'><strong>contrariam</strong></span> <span class='ocrx_word' id='word_1_36' title='bbox 438 505 518 559; x_wconf 88' lang='lat' dir='ltr'><strong>nobis</strong></span> <span class='ocrx_word' id='word_1_37' title='bbox 535 514 645 575; x_wconf 87' lang='lat' dir='ltr'><strong>partem</strong></span> <span class='ocrx_word' id='word_1_38' title='bbox 662 505 720 557; x_wconf 89' lang='lat' dir='ltr'><strong>eius</strong></span> <span class='ocrx_word' id='word_1_39' title='bbox 736 504 828 557; x_wconf 86' lang='lat' dir='ltr'><strong>radios</strong></span> <span class='ocrx_word' id='word_1_40' title='bbox 843 502 928 569; x_wconf 76' lang='lat' dir='ltr'><strong>terri,</strong></span> <span class='ocrx_word' id='word_1_41' title='bbox 951 509 980 556; x_wconf 87' lang='lat' dir='ltr'><strong>et</strong></span> <span class='ocrx_word' id='word_1_42' title='bbox 994 518 1093 572; x_wconf 84' lang='lat' dir='ltr'><strong>quem·</strong></span> 
     </span>
     <span class='ocr_line' id='line_1_6' title="bbox 11 549 1092 641; baseline -0.005 -13"><span class='ocrx_word' id='word_1_43' title='bbox 11 549 213 632; x_wconf 54' lang='lat' dir='ltr'><strong>:dumdum</strong></span> <span class='ocrx_word' id='word_1_44' title='bbox 228 573 292 641; x_wconf 77' lang='lat' dir='ltr'><strong>hio,</strong></span> <span class='ocrx_word' id='word_1_45' title='bbox 305 574 346 626; x_wconf 85' lang='lat' dir='ltr'><strong>ita</strong></span> <span class='ocrx_word' id='word_1_46' title='bbox 361 574 419 626; x_wconf 89' lang='lat' dir='ltr'><strong>illic</strong></span> <span class='ocrx_word' id='word_1_47' title='bbox 436 575 571 639; x_wconf 86' lang='lat' dir='ltr'><strong>delicere;</strong></span> <span class='ocrx_word' id='word_1_48' title='bbox 588 573 637 625; x_wconf 91' lang='lat' dir='ltr'><strong>ubi</strong></span> <span class='ocrx_word' id='word_1_49' title='bbox 654 574 830 639; x_wconf 73' lang='lat' dir='ltr'>defecerant,</span> <span class='ocrx_word' id='word_1_50' title='bbox 846 589 905 625; x_wconf 88' lang='lat' dir='ltr'><strong>esse</strong></span> <span class='ocrx_word' id='word_1_51' title='bbox 921 572 1009 641; x_wconf 73' lang='lat' dir='ltr'><strong>frigus</strong></span> <span class='ocrx_word' id='word_1_52' title='bbox 1025 587 1092 623; x_wconf 87' lang='lat' dir='ltr'><strong>cum</strong></span> 
     </span>
     <span class='ocr_line' id='line_1_7' title="bbox 10 624 1091 718; baseline -0.007 -19"><span class='ocrx_word' id='word_1_53' title='bbox 10 624 199 718; x_wconf 43' lang='lat' dir='ltr'><strong>‚PQrin</strong></span> <span class='ocrx_word' id='word_1_54' title='bbox 219 644 250 697; x_wconf 76' lang='lat' dir='ltr'><strong>at</strong></span> <span class='ocrx_word' id='word_1_55' title='bbox 263 643 295 697; x_wconf 80' lang='lat' dir='ltr'><strong>iu</strong></span> <span class='ocrx_word' id='word_1_56' title='bbox 311 642 433 713; x_wconf 70' lang='lat' dir='ltr'><strong>atinum</strong></span> <span class='ocrx_word' id='word_1_57' title='bbox 449 651 559 713; x_wconf 87' lang='lat' dir='ltr'><strong>partem</strong></span> <span class='ocrx_word' id='word_1_58' title='bbox 575 642 644 695; x_wconf 87' lang='lat' dir='ltr'><strong>ferri</strong></span> <span class='ocrx_word' id='word_1_59' title='bbox 660 642 690 693; x_wconf 86' lang='lat' dir='ltr'><strong>iu</strong></span> <span class='ocrx_word' id='word_1_60' title='bbox 706 642 866 710; x_wconf 81' lang='lat' dir='ltr'><strong>proximum</strong></span> <span class='ocrx_word' id='word_1_61' title='bbox 882 641 992 707; x_wconf 85' lang='lat' dir='ltr'><strong>locum,</strong></span> <span class='ocrx_word' id='word_1_62' title='bbox 1014 648 1042 693; x_wconf 89' lang='lat' dir='ltr'><strong>et</strong></span> <span class='ocrx_word' id='word_1_63' title='bbox 1058 656 1091 692; x_wconf 85' lang='lat' dir='ltr'><strong>ex</strong></span> 
     </span>
     <span class='ocr_line' id='line_1_8' title="bbox 10 684 1091 781; baseline -0.001 -19"><span class='ocrx_word' id='word_1_64' title='bbox 10 684 153 772; x_wconf 45' lang='lat' dir='ltr'><strong>tfflta</strong></span> <span class='ocrx_word' id='word_1_65' title='bbox 176 712 310 781; x_wconf 74' lang='lat' dir='ltr'><strong>regione,</strong></span> <span class='ocrx_word' id='word_1_66' title='bbox 331 728 403 781; x_wconf 80' lang='lat' dir='ltr'><strong>quae</strong></span> <span class='ocrx_word' id='word_1_67' title='bbox 427 712 523 765; x_wconf 77' lang='lat' dir='ltr'><strong>finitur</strong></span> <span class='ocrx_word' id='word_1_68' title='bbox 546 710 668 763; x_wconf 86' lang='lat' dir='ltr'><strong>brumali</strong></span> <span class='ocrx_word' id='word_1_69' title='bbox 684 711 818 764; x_wconf 72' lang='lat' dir='ltr'><strong>solstitiali</strong></span> <span class='ocrx_word' id='word_1_70' title='bbox 835 710 953 776; x_wconf 87' lang='lat' dir='ltr'><strong>circulo,</strong></span> <span class='ocrx_word' id='word_1_71' title='bbox 976 710 1007 763; x_wconf 90' lang='lat' dir='ltr'><strong>iu</strong></span> <span class='ocrx_word' id='word_1_72' title='bbox 1025 724 1091 762; x_wconf 90' lang='lat' dir='ltr'><strong>eun-</strong></span> 
     </span>
     <span class='ocr_line' id='line_1_9' title="bbox 10 753 1092 853; baseline -0.006 -17"><span class='ocrx_word' id='word_1_73' title='bbox 10 753 289 848; x_wconf 42' lang='grc' dir='ltr'><strong>ἐμιμποιιὶτο</strong></span> <span class='ocrx_word' id='word_1_74' title='bbox 304 796 450 853; x_wconf 80' lang='lat' dir='ltr'><strong>vaporem,</strong></span> <span class='ocrx_word' id='word_1_75' title='bbox 466 788 495 834; x_wconf 86' lang='lat' dir='ltr'><strong>et</strong></span> <span class='ocrx_word' id='word_1_76' title='bbox 510 787 630 848; x_wconf 85' lang='lat' dir='ltr'><strong>utroque</strong></span> <span class='ocrx_word' id='word_1_77' title='bbox 647 779 747 845; x_wconf 85' lang='lat' dir='ltr'><strong>misto,</strong></span> <span class='ocrx_word' id='word_1_78' title='bbox 769 779 885 848; x_wconf 82' lang='lat' dir='ltr'><strong>perinde</strong></span> <span class='ocrx_word' id='word_1_79' title='bbox 902 786 1092 848; x_wconf 79' lang='lat' dir='ltr'><strong>temperatam</strong></span> 
     </span>
     <span class='ocr_line' id='line_1_10' title="bbox 10 818 1094 919; baseline -0.001 -19"><span class='ocrx_word' id='word_1_80' title='bbox 10 839 34 883; x_wconf 63' lang='lat'><strong>²*</strong></span> <span class='ocrx_word' id='word_1_81' title='bbox 52 818 168 899; x_wconf 60' lang='lat' dir='ltr'><strong>fita-0</strong></span> <span class='ocrx_word' id='word_1_82' title='bbox 189 850 337 919; x_wconf 75' lang='lat' dir='ltr'><strong>regionem</strong></span> <span class='ocrx_word' id='word_1_83' title='bbox 360 850 483 903; x_wconf 88' lang='lat' dir='ltr'><strong>mediam</strong></span> <span class='ocrx_word' id='word_1_84' title='bbox 508 849 628 918; x_wconf 74' lang='lat' dir='ltr'><strong>frigidae</strong></span> <span class='ocrx_word' id='word_1_85' title='bbox 656 854 684 901; x_wconf 87' lang='lat' dir='ltr'><strong>et</strong></span> <span class='ocrx_word' id='word_1_86' title='bbox 707 850 826 901; x_wconf 89' lang='lat' dir='ltr'><strong>adustae.</strong></span> <span class='ocrx_word' id='word_1_87' title='bbox 873 848 1001 918; x_wconf 79' lang='lat' dir='ltr'><strong>Quinque</strong></span> <span class='ocrx_word' id='word_1_88' title='bbox 1023 858 1094 917; x_wconf 79' lang='lat' dir='ltr'><strong>ergo</strong></span> 
     </span>
     <span class='ocr_line' id='line_1_11' title="bbox 10 872 1095 1038; baseline 0 -69"><span class='ocrx_word' id='word_1_89' title='bbox 10 872 128 1038; x_wconf 48' lang='lat' dir='ltr'><strong>ssmst</strong></span> <span class='ocrx_word' id='word_1_90' title='bbox 149 930 235 971; x_wconf 78' lang='lat' dir='ltr'><strong>tonas</strong></span> <span class='ocrx_word' id='word_1_91' title='bbox 256 918 288 971; x_wconf 88' lang='lat' dir='ltr'><strong>in</strong></span> <span class='ocrx_word' id='word_1_92' title='bbox 309 919 425 988; x_wconf 72' lang='lat' dir='ltr'><strong>regione</strong></span> <span class='ocrx_word' id='word_1_93' title='bbox 448 918 517 971; x_wconf 88' lang='lat' dir='ltr'><strong>coeli</strong></span> <span class='ocrx_word' id='word_1_94' title='bbox 541 926 570 971; x_wconf 90' lang='lat' dir='ltr'><strong>et</strong></span> <span class='ocrx_word' id='word_1_95' title='bbox 592 926 698 984; x_wconf 87' lang='lat' dir='ltr'><strong>terrae,</strong></span> <span class='ocrx_word' id='word_1_96' title='bbox 726 918 798 972; x_wconf 88' lang='lat' dir='ltr'><strong>duae</strong></span> <span class='ocrx_word' id='word_1_97' title='bbox 821 924 952 989; x_wconf 55' lang='lat' dir='ltr'><strong>extreme,</strong></span> <span class='ocrx_word' id='word_1_98' title='bbox 965 918 1095 987; x_wconf 75' lang='lat' dir='ltr'><strong>frigidae,</strong></span> 
     </span>
     <span class='ocr_line' id='line_1_12' title="bbox 54 967 1093 1057; baseline -0.007 -13"><span class='ocrx_word' id='word_1_99' title='bbox 54 967 284 1057; x_wconf 49' lang='lat' dir='ltr'><strong>*lltsnutonslis</strong></span> <span class='ocrx_word' id='word_1_100' title='bbox 300 996 329 1040; x_wconf 88' lang='lat' dir='ltr'><strong>et</strong></span> <span class='ocrx_word' id='word_1_101' title='bbox 351 987 489 1051; x_wconf 85' lang='lat' dir='ltr'><strong>austriua;</strong></span> <span class='ocrx_word' id='word_1_102' title='bbox 512 1004 567 1039; x_wconf 85' lang='lat' dir='ltr'><strong>una</strong></span> <span class='ocrx_word' id='word_1_103' title='bbox 584 987 694 1051; x_wconf 82' lang='lat' dir='ltr'><strong>adusta,</strong></span> <span class='ocrx_word' id='word_1_104' title='bbox 716 986 788 1039; x_wconf 86' lang='lat' dir='ltr'><strong>duae</strong></span> <span class='ocrx_word' id='word_1_105' title='bbox 810 994 867 1039; x_wconf 87' lang='lat' dir='ltr'><strong>tem</strong></span> <span class='ocrx_word' id='word_1_106' title='bbox 888 994 996 1053; x_wconf 89' lang='lat' dir='ltr'><strong>eratae,</strong></span> <span class='ocrx_word' id='word_1_107' title='bbox 1018 987 1093 1039; x_wconf 88' lang='lat' dir='ltr'><strong>inter</strong></span> 
     </span>
     <span class='ocr_line' id='line_1_13' title="bbox 74 1017 1093 1125; baseline -0.004 -14"><span class='ocrx_word' id='word_1_108' title='bbox 74 1017 195 1111; x_wconf 59' lang='lat' dir='ltr'><strong>hulam</strong></span> <span class='ocrx_word' id='word_1_109' title='bbox 218 1062 250 1109; x_wconf 89' lang='lat' dir='ltr'><strong>et</strong></span> <span class='ocrx_word' id='word_1_110' title='bbox 269 1057 412 1123; x_wconf 75' lang='lat' dir='ltr'><strong>adiutam,</strong></span> <span class='ocrx_word' id='word_1_111' title='bbox 435 1053 576 1125; x_wconf 76' lang='lat' dir='ltr'><strong>cingentes</strong></span> <span class='ocrx_word' id='word_1_112' title='bbox 601 1058 679 1121; x_wconf 72' lang='lat' dir='ltr'><strong>dam,</strong></span> <span class='ocrx_word' id='word_1_113' title='bbox 709 1064 739 1108; x_wconf 91' lang='lat' dir='ltr'><strong>et</strong></span> <span class='ocrx_word' id='word_1_114' title='bbox 760 1056 859 1110; x_wconf 86' lang='lat' dir='ltr'><strong>interci</strong></span> <span class='ocrx_word' id='word_1_115' title='bbox 878 1064 954 1109; x_wconf 88' lang='lat' dir='ltr'><strong>entes</strong></span> <span class='ocrx_word' id='word_1_116' title='bbox 976 1055 1093 1125; x_wconf 76' lang='lat' dir='ltr'><strong>frigidis,</strong></span> 
     </span>
    </p>

    <p class='ocr_par' dir='ltr' id='par_1_3' title="bbox 10 1124 1149 1401">
     <span class='ocr_line' id='line_1_14' title="bbox 10 1124 1091 1192; baseline -0.003 -14"><span class='ocrx_word' id='word_1_117' title='bbox 10 1166 15 1178; x_wconf 86' lang='lat'><strong>.</strong></span> <span class='ocrx_word' id='word_1_118' title='bbox 197 1124 286 1179; x_wconf 81' lang='lat' dir='ltr'><strong>alten</strong></span> <span class='ocrx_word' id='word_1_119' title='bbox 301 1128 490 1179; x_wconf 82' lang='lat' dir='ltr'><strong>Anterumene</strong></span> <span class='ocrx_word' id='word_1_120' title='bbox 506 1132 626 1178; x_wconf 80' lang='lat' dir='ltr'><strong>vocatur.</strong></span> <span class='ocrx_word' id='word_1_121' title='bbox 645 1150 679 1163; x_wconf 91' lang='grc'><strong>-·</strong></span> <span class='ocrx_word' id='word_1_122' title='bbox 714 1132 776 1182; x_wconf 77' lang='lat'><strong>238.</strong></span> <span class='ocrx_word' id='word_1_123' title='bbox 798 1124 851 1176; x_wconf 82' lang='lat' dir='ltr'><strong>Via</strong></span> <span class='ocrx_word' id='word_1_124' title='bbox 869 1137 942 1177; x_wconf 80' lang='lat' dir='ltr'><strong>secta</strong></span> <span class='ocrx_word' id='word_1_125' title='bbox 965 1142 1015 1192; x_wconf 82' lang='lat' dir='ltr'><strong>per</strong></span> <span class='ocrx_word' id='word_1_126' title='bbox 1032 1143 1091 1175; x_wconf 85' lang='lat' dir='ltr'><strong>om·</strong></span> 
     </span>
     <span class='ocr_line' id='line_1_15' title="bbox 10 1183 1093 1265; baseline 0.001 -20"><span class='ocrx_word' id='word_1_127' title='bbox 10 1188 21 1255; x_wconf 73' lang='lat'><strong>‚⁸</strong></span> <span class='ocrx_word' id='word_1_128' title='bbox 69 1183 80 1249; x_wconf 60' lang='lat'><strong>⁸.</strong></span> <span class='ocrx_word' id='word_1_129' title='bbox 108 1192 217 1259; x_wconf 43' lang='lat' dir='ltr'><strong>jucis</strong></span> <span class='ocrx_word' id='word_1_130' title='bbox 230 1193 396 1265; x_wconf 78' lang='lat' dir='ltr'><strong>signiferum</strong></span> <span class='ocrx_word' id='word_1_131' title='bbox 412 1194 562 1261; x_wconf 81' lang='lat' dir='ltr'><strong>circsdurn,</strong></span> <span class='ocrx_word' id='word_1_132' title='bbox 587 1193 635 1263; x_wconf 85' lang='lat' dir='ltr'><strong>qui</strong></span> <span class='ocrx_word' id='word_1_133' title='bbox 651 1211 668 1245; x_wconf 86' lang='lat' dir='ltr'><strong>a</strong></span> <span class='ocrx_word' id='word_1_134' title='bbox 686 1192 806 1245; x_wconf 85' lang='lat' dir='ltr'><strong>brumali</strong></span> <span class='ocrx_word' id='word_1_135' title='bbox 823 1194 965 1263; x_wconf 90' lang='lat' dir='ltr'><strong>obliquus,</strong></span> <span class='ocrx_word' id='word_1_136' title='bbox 989 1194 1024 1246; x_wconf 87' lang='lat' dir='ltr'><strong>ad</strong></span> <span class='ocrx_word' id='word_1_137' title='bbox 1040 1194 1093 1246; x_wconf 86' lang='lat' dir='ltr'><strong>sol-</strong></span> 
     </span>
     <span class='ocr_line' id='line_1_16' title="bbox 66 1249 1149 1333; baseline 0.004 -22"><span class='ocrx_word' id='word_1_138' title='bbox 66 1249 211 1329; x_wconf 63' lang='lat' dir='ltr'><strong>‘&#39;illidam,</strong></span> <span class='ocrx_word' id='word_1_139' title='bbox 227 1264 358 1330; x_wconf 81' lang='lat' dir='ltr'><strong>-Cancro,</strong></span> <span class='ocrx_word' id='word_1_140' title='bbox 379 1264 627 1333; x_wconf 74' lang='lat' dir='ltr'><strong>aequinoctialem,</strong></span> <span class='ocrx_word' id='word_1_141' title='bbox 648 1262 734 1314; x_wconf 86' lang='lat' dir='ltr'><strong>Libra</strong></span> <span class='ocrx_word' id='word_1_142' title='bbox 758 1272 785 1315; x_wconf 93' lang='lat' dir='ltr'><strong>et</strong></span> <span class='ocrx_word' id='word_1_143' title='bbox 808 1264 909 1316; x_wconf 83' lang='lat' dir='ltr'><strong>Ariete.</strong></span> <span class='ocrx_word' id='word_1_144' title='bbox 930 1290 965 1301; x_wconf 88' lang='grc'><strong>-</strong></span> <span class='ocrx_word' id='word_1_145' title='bbox 1010 1263 1091 1315; x_wconf 81' lang='lat' dir='ltr'><strong>Obli—</strong></span> <span class='ocrx_word' id='word_1_146' title='bbox 1143 1288 1149 1299; x_wconf 45' lang='lat' dir='ltr'>x</span> 
     </span>
     <span class='ocr_line' id='line_1_17' title="bbox 58 1323 1093 1401; baseline 0.002 -18"><span class='ocrx_word' id='word_1_147' title='bbox 58 1323 295 1400; x_wconf 58' lang='lat' dir='ltr'><strong>-fflttsqus-etm</strong></span> <span class='ocrx_word' id='word_1_148' title='bbox 317 1330 423 1385; x_wconf 83' lang='lat' dir='ltr'><strong>idcirco</strong></span> <span class='ocrx_word' id='word_1_149' title='bbox 447 1331 528 1399; x_wconf 82' lang='lat' dir='ltr'><strong>dixit,</strong></span> <span class='ocrx_word' id='word_1_150' title='bbox 551 1334 616 1401; x_wconf 88' lang='lat' dir='ltr'><strong>quia</strong></span> <span class='ocrx_word' id='word_1_151' title='bbox 639 1331 684 1383; x_wconf 86' lang='lat' dir='ltr'><strong>bic</strong></span> <span class='ocrx_word' id='word_1_152' title='bbox 708 1330 767 1401; x_wconf 78' lang='lat' dir='ltr'><strong>ipse</strong></span> <span class='ocrx_word' id='word_1_153' title='bbox 791 1331 909 1384; x_wconf 86' lang='lat' dir='ltr'><strong>circulus</strong></span> <span class='ocrx_word' id='word_1_154' title='bbox 933 1331 991 1384; x_wconf 85' lang='lat' dir='ltr'><strong>XII.</strong></span> <span class='ocrx_word' id='word_1_155' title='bbox 1014 1332 1093 1401; x_wconf 73' lang='lat' dir='ltr'><strong>sigua</strong></span> 
     </span>
    </p>
   </div>
   <div class='ocr_carea' id='block_1_3' title="bbox 30 1389 1191 1466">
    <p class='ocr_par' dir='ltr' id='par_1_4' title="bbox 30 1389 1191 1466">
     <span class='ocr_line' id='line_1_18' title="bbox 30 1389 1191 1466; baseline -0.001 -13"><span class='ocrx_word' id='word_1_156' title='bbox 30 1389 192 1453; x_wconf 57' lang='lat' dir='ltr'><strong>&#39;T&#39;thestia</strong></span> <span class='ocrx_word' id='word_1_157' title='bbox 213 1401 311 1463; x_wconf 80' lang='lat' dir='ltr'><strong>solvit;</strong></span> <span class='ocrx_word' id='word_1_158' title='bbox 335 1401 419 1453; x_wconf 89' lang='lat' dir='ltr'><strong>clima</strong></span> <span class='ocrx_word' id='word_1_159' title='bbox 441 1408 583 1466; x_wconf 86' lang='lat' dir='ltr'><strong>nostrum,</strong></span> <span class='ocrx_word' id='word_1_160' title='bbox 605 1401 660 1453; x_wconf 86' lang='lat' dir='ltr'><strong>boe</strong></span> <span class='ocrx_word' id='word_1_161' title='bbox 677 1406 733 1465; x_wconf 90' lang='lat' dir='ltr'><strong>est,</strong></span> <span class='ocrx_word' id='word_1_162' title='bbox 754 1400 785 1451; x_wconf 87' lang='lat' dir='ltr'><strong>in</strong></span> <span class='ocrx_word' id='word_1_163' title='bbox 802 1400 912 1453; x_wconf 86' lang='lat' dir='ltr'><strong>climate</strong></span> <span class='ocrx_word' id='word_1_164' title='bbox 936 1416 1023 1455; x_wconf 79' lang='lat' dir='ltr'><strong>sonae</strong></span> <span class='ocrx_word' id='word_1_165' title='bbox 1044 1417 1094 1453; x_wconf 90' lang='lat' dir='ltr'><strong>no-</strong></span> <span class='ocrx_word' id='word_1_166' title='bbox 1188 1404 1191 1411; x_wconf 91' lang='lat'>&#39;</span> 
     </span>
    </p>
   </div>
   <div class='ocr_carea' id='block_1_4' title="bbox 10 1466 1103 3958">
    <p class='ocr_par' dir='ltr' id='par_1_5' title="bbox 10 1466 1103 3958">
     <span class='ocr_line' id='line_1_19' title="bbox 10 1466 1095 1611; baseline 0.003 -20"><span class='ocrx_word' id='word_1_167' title='bbox 10 1467 54 1554; x_wconf 65' lang='lat'><strong>¹⁹⁹³</strong></span> <span class='ocrx_word' id='word_1_168' title='bbox 70 1466 233 1591; x_wconf 46' lang='grc' dir='ltr'><strong>ΜΣ</strong></span> <span class='ocrx_word' id='word_1_169' title='bbox 246 1468 589 1611; x_wconf 61' lang='lat' dir='ltr'><strong>&#39;tiltpttlttttl</strong></span> <span class='ocrx_word' id='word_1_170' title='bbox 603 1467 821 1590; x_wconf 61' lang='grc' dir='ltr'><strong>’ἰὶῗῖἓῗζῖῖῖ</strong></span> <span class='ocrx_word' id='word_1_171' title='bbox 837 1469 879 1591; x_wconf 66' lang='lat' dir='ltr'><strong>II}</strong></span> <span class='ocrx_word' id='word_1_172' title='bbox 892 1480 1095 1595; x_wconf 47' lang='lat' dir='ltr'><strong>{illidii</strong></span> 
     </span>
     <span class='ocr_line' id='line_1_20' title="bbox 28 1569 600 1604; baseline 0 0"><span class='ocrx_word' id='word_1_173' title='bbox 28 1584 37 1592; x_wconf 91' lang='lat'><em>-</em></span> <span class='ocrx_word' id='word_1_174' title='bbox 65 1569 73 1581; x_wconf 88' lang='lat'><strong>·</strong></span> <span class='ocrx_word' id='word_1_175' title='bbox 591 1575 600 1604; x_wconf 84' lang='lat' dir='ltr'><strong>s</strong></span> 
     </span>
     <span class='ocr_line' id='line_1_21' title="bbox 10 1528 1094 1677; baseline 0.003 -19"><span class='ocrx_word' id='word_1_176' title='bbox 10 1558 26 1645; x_wconf 64' lang='lat' dir='ltr'><strong>I·</strong></span> <span class='ocrx_word' id='word_1_177' title='bbox 80 1528 196 1660; x_wconf 53' lang='lat' dir='ltr'><strong>m.</strong></span> <span class='ocrx_word' id='word_1_178' title='bbox 228 1577 305 1677; x_wconf 63' lang='lat' dir='ltr'><strong>drgo</strong></span> <span class='ocrx_word' id='word_1_179' title='bbox 321 1608 376 1661; x_wconf 91' lang='lat' dir='ltr'><strong>boc</strong></span> <span class='ocrx_word' id='word_1_180' title='bbox 391 1608 489 1675; x_wconf 90' lang='lat' dir='ltr'><strong>sentit,</strong></span> <span class='ocrx_word' id='word_1_181' title='bbox 511 1624 578 1660; x_wconf 90' lang='lat' dir='ltr'><strong>cum</strong></span> <span class='ocrx_word' id='word_1_182' title='bbox 594 1606 647 1659; x_wconf 91' lang='lat' dir='ltr'><strong>ait:</strong></span> <span class='ocrx_word' id='word_1_183' title='bbox 670 1607 742 1673; x_wconf 88' lang='lat' dir='ltr'><strong>Illic,</strong></span> <span class='ocrx_word' id='word_1_184' title='bbox 758 1613 790 1657; x_wconf 92' lang='lat' dir='ltr'><strong>ut</strong></span> <span class='ocrx_word' id='word_1_185' title='bbox 805 1607 968 1675; x_wconf 89' lang='lat' dir='ltr'><strong>perhibent,</strong></span> <span class='ocrx_word' id='word_1_186' title='bbox 984 1618 1034 1661; x_wconf 86' lang='lat' dir='ltr'><strong>aut</strong></span> <span class='ocrx_word' id='word_1_187' title='bbox 1049 1610 1094 1661; x_wconf 90' lang='lat' dir='ltr'><strong>in-</strong></span> 
     </span>
     <span class='ocr_line' id='line_1_22' title="bbox 33 1670 1096 1747; baseline 0.004 -20"><span class='ocrx_word' id='word_1_188' title='bbox 33 1729 39 1738; x_wconf 62' lang='lat'><strong>,</strong></span> <span class='ocrx_word' id='word_1_189' title='bbox 66 1670 200 1747; x_wconf 43' lang='lat' dir='ltr'><strong>,lauspasta</strong></span> <span class='ocrx_word' id='word_1_190' title='bbox 213 1676 277 1731; x_wconf 84' lang='lat' dir='ltr'><strong>silet</strong></span> <span class='ocrx_word' id='word_1_191' title='bbox 297 1690 352 1729; x_wconf 81' lang='lat' dir='ltr'><strong>nox</strong></span> <span class='ocrx_word' id='word_1_192' title='bbox 368 1684 420 1730; x_wconf 91' lang='lat' dir='ltr'><strong>etc.</strong></span> <span class='ocrx_word' id='word_1_193' title='bbox 452 1676 485 1729; x_wconf 87' lang='lat' dir='ltr'><strong>Iu</strong></span> <span class='ocrx_word' id='word_1_194' title='bbox 502 1677 623 1747; x_wconf 86' lang='lat' dir='ltr'><strong>quinque</strong></span> <span class='ocrx_word' id='word_1_195' title='bbox 646 1691 729 1728; x_wconf 84' lang='lat' dir='ltr'><strong>zonas</strong></span> <span class='ocrx_word' id='word_1_196' title='bbox 750 1676 887 1728; x_wconf 88' lang='lat' dir='ltr'><strong>mundum</strong></span> <span class='ocrx_word' id='word_1_197' title='bbox 905 1693 962 1729; x_wconf 85' lang='lat' dir='ltr'><strong>esse</strong></span> <span class='ocrx_word' id='word_1_198' title='bbox 980 1676 1096 1731; x_wconf 89' lang='lat' dir='ltr'><strong>divisum</strong></span> 
     </span>
     <span class='ocr_line' id='line_1_23' title="bbox 10 1744 1096 1815; baseline 0.002 -18"><span class='ocrx_word' id='word_1_199' title='bbox 10 1745 29 1780; x_wconf 81' lang='lat'><strong>·‘</strong></span> <span class='ocrx_word' id='word_1_200' title='bbox 46 1792 59 1804; x_wconf 78' lang='grc'>,</span> <span class='ocrx_word' id='word_1_201' title='bbox 74 1744 229 1815; x_wconf 65' lang='lat' dir='ltr'><strong>incipimus,</strong></span> <span class='ocrx_word' id='word_1_202' title='bbox 244 1750 321 1815; x_wconf 87' lang='lat' dir='ltr'><strong>lquas</strong></span> <span class='ocrx_word' id='word_1_203' title='bbox 342 1746 494 1797; x_wconf 89' lang='lat' dir='ltr'><strong>secundum</strong></span> <span class='ocrx_word' id='word_1_204' title='bbox 516 1746 601 1797; x_wconf 89' lang='lat' dir='ltr'><strong>clima</strong></span> <span class='ocrx_word' id='word_1_205' title='bbox 623 1744 712 1797; x_wconf 85' lang='lat' dir='ltr'><strong>nostri</strong></span> <span class='ocrx_word' id='word_1_206' title='bbox 728 1744 804 1795; x_wconf 89' lang='lat' dir='ltr'><strong>orbis</strong></span> <span class='ocrx_word' id='word_1_207' title='bbox 820 1744 859 1796; x_wconf 88' lang='lat' dir='ltr'><strong>sic</strong></span> <span class='ocrx_word' id='word_1_208' title='bbox 877 1746 1096 1814; x_wconf 82' lang='lat' dir='ltr'><strong>efformabimus,</strong></span> 
     </span>
     <span class='ocr_line' id='line_1_24' title="bbox 10 1810 1095 1889; baseline 0.003 -24"><span class='ocrx_word' id='word_1_209' title='bbox 10 1869 15 1878; x_wconf 64' lang='grc'><strong>,</strong></span> <span class='ocrx_word' id='word_1_210' title='bbox 68 1810 217 1867; x_wconf 72' lang='lat' dir='ltr'><strong>ustam</strong></span> <span class='ocrx_word' id='word_1_211' title='bbox 231 1830 350 1867; x_wconf 85' lang='lat' dir='ltr'><strong>manum</strong></span> <span class='ocrx_word' id='word_1_212' title='bbox 367 1823 465 1868; x_wconf 85' lang='lat' dir='ltr'><strong>contra</strong></span> <span class='ocrx_word' id='word_1_213' title='bbox 482 1830 531 1867; x_wconf 89' lang='lat' dir='ltr'><strong>ora</strong></span> <span class='ocrx_word' id='word_1_214' title='bbox 548 1822 643 1868; x_wconf 87' lang='lat' dir='ltr'><strong>nostra</strong></span> <span class='ocrx_word' id='word_1_215' title='bbox 660 1829 804 1884; x_wconf 84' lang='lat' dir='ltr'><strong>ponamus,</strong></span> <span class='ocrx_word' id='word_1_216' title='bbox 819 1822 902 1882; x_wconf 87' lang='lat' dir='ltr'><strong>atque</strong></span> <span class='ocrx_word' id='word_1_217' title='bbox 921 1816 969 1867; x_wconf 91' lang='lat' dir='ltr'><strong>ubi</strong></span> <span class='ocrx_word' id='word_1_218' title='bbox 987 1817 1021 1867; x_wconf 87' lang='lat' dir='ltr'><strong>sit</strong></span> <span class='ocrx_word' id='word_1_219' title='bbox 1037 1818 1095 1889; x_wconf 87' lang='lat' dir='ltr'><strong>pol-</strong></span> 
     </span>
     <span class='ocr_line' id='line_1_25' title="bbox 67 1876 1095 2023; baseline 0.002 -18"><span class='ocrx_word' id='word_1_220' title='bbox 67 1877 348 2008; x_wconf 67' lang='lat' dir='ltr'><strong>tutttuu</strong></span> <span class='ocrx_word' id='word_1_221' title='bbox 360 1900 442 2005; x_wconf 71' lang='lat' dir='ltr'><strong>uz:</strong></span> <span class='ocrx_word' id='word_1_222' title='bbox 465 1884 748 2005; x_wconf 62' lang='lat' dir='ltr'><strong>“utiliusne</strong></span> <span class='ocrx_word' id='word_1_223' title='bbox 761 1876 1095 2023; x_wconf 63' lang='lat' dir='ltr'><strong>{sititensi</strong></span> 
     </span>
     <span class='ocr_line' id='line_1_26' title="bbox 11 1972 1095 2095; baseline 0.001 -20"><span class='ocrx_word' id='word_1_224' title='bbox 11 2007 30 2022; x_wconf 46' lang='lat'>³</span> <span class='ocrx_word' id='word_1_225' title='bbox 66 2015 161 2091; x_wconf 66' lang='lat' dir='ltr'><strong>Iram,</strong></span> <span class='ocrx_word' id='word_1_226' title='bbox 176 1990 298 2093; x_wconf 65' lang='lat' dir='ltr'><strong>quadiu</strong></span> <span class='ocrx_word' id='word_1_227' title='bbox 315 2040 348 2075; x_wconf 90' lang='lat' dir='ltr'><strong>ea</strong></span> <span class='ocrx_word' id='word_1_228' title='bbox 365 2030 444 2092; x_wconf 87' lang='lat' dir='ltr'><strong>parte</strong></span> <span class='ocrx_word' id='word_1_229' title='bbox 461 2023 533 2074; x_wconf 87' lang='lat' dir='ltr'><strong>coeli</strong></span> <span class='ocrx_word' id='word_1_230' title='bbox 549 2021 639 2092; x_wconf 87' lang='lat' dir='ltr'><strong>posita</strong></span> <span class='ocrx_word' id='word_1_231' title='bbox 655 2022 705 2085; x_wconf 90' lang='lat' dir='ltr'><strong>sit,</strong></span> <span class='ocrx_word' id='word_1_232' title='bbox 722 1972 793 2089; x_wconf 59' lang='lat' dir='ltr'><strong>quiae</strong></span> <span class='ocrx_word' id='word_1_233' title='bbox 810 2030 891 2075; x_wconf 80' lang='lat' dir='ltr'><strong>vento</strong></span> <span class='ocrx_word' id='word_1_234' title='bbox 908 2024 1095 2095; x_wconf 78' lang='lat' dir='ltr'><strong>septentrione</strong></span> 
     </span>
     <span class='ocr_line' id='line_1_27' title="bbox 12 2088 1097 2163; baseline 0.005 -23"><span class='ocrx_word' id='word_1_235' title='bbox 12 2088 184 2158; x_wconf 51' lang='lat' dir='ltr'><strong>‘sufflatum</strong></span> <span class='ocrx_word' id='word_1_236' title='bbox 216 2091 260 2145; x_wconf 84' lang='lat' dir='ltr'><strong>Ea</strong></span> <span class='ocrx_word' id='word_1_237' title='bbox 281 2107 347 2159; x_wconf 85' lang='lat' dir='ltr'><strong>pars</strong></span> <span class='ocrx_word' id='word_1_238' title='bbox 369 2107 479 2163; x_wconf 77' lang='lat' dir='ltr'><strong>semper</strong></span> <span class='ocrx_word' id='word_1_239' title='bbox 501 2107 584 2161; x_wconf 89' lang='lat' dir='ltr'><strong>supra</strong></span> <span class='ocrx_word' id='word_1_240' title='bbox 600 2090 730 2155; x_wconf 83' lang='lat' dir='ltr'><strong>vertitur,</strong></span> <span class='ocrx_word' id='word_1_241' title='bbox 753 2092 807 2143; x_wconf 90' lang='lat' dir='ltr'><strong>hoc</strong></span> <span class='ocrx_word' id='word_1_242' title='bbox 824 2099 878 2157; x_wconf 88' lang='lat' dir='ltr'><strong>est,</strong></span> <span class='ocrx_word' id='word_1_243' title='bbox 900 2110 1043 2162; x_wconf 89' lang='lat' dir='ltr'><strong>nunquam</strong></span> <span class='ocrx_word' id='word_1_244' title='bbox 1064 2094 1097 2145; x_wconf 91' lang='lat' dir='ltr'><strong>in</strong></span> 
     </span>
     <span class='ocr_line' id='line_1_28' title="bbox 61 2158 1097 2229; baseline 0.001 -16"><span class='ocrx_word' id='word_1_245' title='bbox 61 2158 209 2213; x_wconf 58' lang='lat' dir='ltr'><strong>&amp;smum</strong></span> <span class='ocrx_word' id='word_1_246' title='bbox 225 2159 410 2227; x_wconf 72' lang='lat' dir='ltr'><strong>demergitur,</strong></span> <span class='ocrx_word' id='word_1_247' title='bbox 436 2159 612 2229; x_wconf 87' lang='lat' dir='ltr'><strong>quodetiam</strong></span> <span class='ocrx_word' id='word_1_248' title='bbox 629 2160 764 2211; x_wconf 81' lang='lat' dir='ltr'><strong>Homerus</strong></span> <span class='ocrx_word' id='word_1_249' title='bbox 787 2160 938 2228; x_wconf 82' lang='lat' dir='ltr'><strong>significat,</strong></span> <span class='ocrx_word' id='word_1_250' title='bbox 960 2178 1026 2213; x_wconf 85' lang='lat' dir='ltr'><strong>curn</strong></span> <span class='ocrx_word' id='word_1_251' title='bbox 1042 2163 1097 2221; x_wconf 84' lang='lat' dir='ltr'><strong>ait:</strong></span> 
     </span>
     <span class='ocr_line' id='line_1_29' title="bbox 57 2220 1097 2301; baseline 0 -18"><span class='ocrx_word' id='word_1_252' title='bbox 57 2220 180 2297; x_wconf 64' lang='grc' dir='ltr'><strong>’λοιπον</strong></span> <span class='ocrx_word' id='word_1_253' title='bbox 194 2223 248 2297; x_wconf 74' lang='grc' dir='ltr'><strong>τήν</strong></span> <span class='ocrx_word' id='word_1_254' title='bbox 264 2235 310 2282; x_wconf 75' lang='lat' dir='ltr'><strong>stol</strong></span> <span class='ocrx_word' id='word_1_255' title='bbox 327 2223 435 2298; x_wconf 66' lang='grc' dir='ltr'><em>ἅμαξαν</em></span> <span class='ocrx_word' id='word_1_256' title='bbox 451 2225 590 2295; x_wconf 74' lang='grc' dir='ltr'><strong><em>ἐπίκλησιν</em></strong></span> <span class='ocrx_word' id='word_1_257' title='bbox 607 2225 744 2281; x_wconf 73' lang='grc' dir='ltr'><strong><em>καλέουσιν</em></strong></span> <span class='ocrx_word' id='word_1_258' title='bbox 761 2248 787 2285; x_wconf 81' lang='lat' dir='ltr'><strong>ss.</strong></span> <span class='ocrx_word' id='word_1_259' title='bbox 803 2249 829 2284; x_wconf 82' lang='grc' dir='ltr'><strong>τ.</strong></span> <span class='ocrx_word' id='word_1_260' title='bbox 843 2226 868 2284; x_wconf 79' lang='lat' dir='ltr'><strong>I..</strong></span> <span class='ocrx_word' id='word_1_261' title='bbox 903 2230 940 2281; x_wconf 89' lang='lat' dir='ltr'><strong>Et</strong></span> <span class='ocrx_word' id='word_1_262' title='bbox 953 2232 1097 2301; x_wconf 81' lang='lat' dir='ltr'><strong>Virgilius:</strong></span> 
     </span>
     <span class='ocr_line' id='line_1_30' title="bbox 47 2297 1097 2367; baseline -0.003 -13"><span class='ocrx_word' id='word_1_263' title='bbox 47 2297 159 2359; x_wconf 53' lang='lat' dir='ltr'><strong>mistos</strong></span> <span class='ocrx_word' id='word_1_264' title='bbox 175 2297 282 2353; x_wconf 87' lang='lat' dir='ltr'><strong>Oceani</strong></span> <span class='ocrx_word' id='word_1_265' title='bbox 298 2306 454 2353; x_wconf 83' lang='lat' dir='ltr'><strong>metuentes</strong></span> <span class='ocrx_word' id='word_1_266' title='bbox 470 2315 592 2367; x_wconf 83' lang='lat' dir='ltr'><strong>aequore</strong></span> <span class='ocrx_word' id='word_1_267' title='bbox 608 2298 688 2366; x_wconf 81' lang='lat' dir='ltr'><strong>tingi.</strong></span> <span class='ocrx_word' id='word_1_268' title='bbox 722 2298 795 2349; x_wconf 86' lang='lat' dir='ltr'><strong>Nem</strong></span> <span class='ocrx_word' id='word_1_269' title='bbox 821 2307 849 2349; x_wconf 90' lang='lat' dir='ltr'><strong>et</strong></span> <span class='ocrx_word' id='word_1_270' title='bbox 866 2314 936 2352; x_wconf 85' lang='lat' dir='ltr'><strong>zona</strong></span> <span class='ocrx_word' id='word_1_271' title='bbox 958 2298 1097 2353; x_wconf 84' lang='lat' dir='ltr'><strong>inhabita·</strong></span> 
     </span>
     <span class='ocr_line' id='line_1_31' title="bbox 64 2362 1097 2451; baseline 0.003 -32"><span class='ocrx_word' id='word_1_272' title='bbox 64 2362 125 2419; x_wconf 86' lang='lat' dir='ltr'><strong>bilis</strong></span> <span class='ocrx_word' id='word_1_273' title='bbox 140 2374 184 2421; x_wconf 80' lang='lat' dir='ltr'><strong>eat</strong></span> <span class='ocrx_word' id='word_1_274' title='bbox 198 2376 314 2451; x_wconf 84' lang='lat' dir='ltr'><strong>propter</strong></span> <span class='ocrx_word' id='word_1_275' title='bbox 331 2367 433 2421; x_wconf 87' lang='lat' dir='ltr'><strong>nimios</strong></span> <span class='ocrx_word' id='word_1_276' title='bbox 450 2368 565 2436; x_wconf 77' lang='lat' dir='ltr'><strong>rigores.</strong></span> <span class='ocrx_word' id='word_1_277' title='bbox 600 2366 696 2419; x_wconf 91' lang='lat' dir='ltr'><strong>Pollici</strong></span> <span class='ocrx_word' id='word_1_278' title='bbox 712 2368 853 2434; x_wconf 80' lang='lat' dir='ltr'><strong>proximus</strong></span> <span class='ocrx_word' id='word_1_279' title='bbox 870 2368 986 2436; x_wconf 80' lang='lat' dir='ltr'><strong>digitus,</strong></span> <span class='ocrx_word' id='word_1_280' title='bbox 1004 2370 1097 2422; x_wconf 87' lang='lat' dir='ltr'><strong>obser-</strong></span> 
     </span>
     <span class='ocr_line' id='line_1_32' title="bbox 12 2433 1098 2506; baseline 0 -17"><span class='ocrx_word' id='word_1_281' title='bbox 12 2462 21 2472; x_wconf 83' lang='lat'>·</span> <span class='ocrx_word' id='word_1_282' title='bbox 65 2436 171 2499; x_wconf 75' lang='lat' dir='ltr'><strong>sititur</strong></span> <span class='ocrx_word' id='word_1_283' title='bbox 185 2436 218 2489; x_wconf 84' lang='lat' dir='ltr'><strong>iu</strong></span> <span class='ocrx_word' id='word_1_284' title='bbox 233 2454 324 2497; x_wconf 80' lang='lat' dir='ltr'><strong>vicem</strong></span> <span class='ocrx_word' id='word_1_285' title='bbox 340 2453 440 2501; x_wconf 81' lang='lat' dir='ltr'><strong>zonae,</strong></span> <span class='ocrx_word' id='word_1_286' title='bbox 456 2453 528 2505; x_wconf 88' lang='lat' dir='ltr'><strong>quae</strong></span> <span class='ocrx_word' id='word_1_287' title='bbox 544 2436 654 2488; x_wconf 80' lang='lat' dir='ltr'><strong>Graece</strong></span> <span class='ocrx_word' id='word_1_288' title='bbox 671 2437 825 2502; x_wconf 77' lang='lat' dir='ltr'><strong>appellatur</strong></span> <span class='ocrx_word' id='word_1_289' title='bbox 841 2433 940 2505; x_wconf 78' lang='grc' dir='ltr'><strong><em>θερινή</em></strong></span> <span class='ocrx_word' id='word_1_290' title='bbox 949 2477 956 2503; x_wconf 85' lang='grc'>,</span> <span class='ocrx_word' id='word_1_291' title='bbox 975 2456 992 2491; x_wconf 90' lang='lat' dir='ltr'><strong>a</strong></span> <span class='ocrx_word' id='word_1_292' title='bbox 1007 2438 1098 2506; x_wconf 75' lang='lat' dir='ltr'><strong>nobis,</strong></span> 
     </span>
     <span class='ocr_line' id='line_1_33' title="bbox 65 2505 1099 2587; baseline -0.001 -28"><span class='ocrx_word' id='word_1_293' title='bbox 65 2505 214 2587; x_wconf 71' lang='lat' dir='ltr'><strong>destivsIIs,</strong></span> <span class='ocrx_word' id='word_1_294' title='bbox 234 2505 309 2576; x_wconf 85' lang='lat' dir='ltr'><strong>quod</strong></span> <span class='ocrx_word' id='word_1_295' title='bbox 326 2506 382 2558; x_wconf 85' lang='lat' dir='ltr'><strong>scil</strong></span> <span class='ocrx_word' id='word_1_296' title='bbox 397 2506 454 2569; x_wconf 85' lang='lat' dir='ltr'><strong>sol,</strong></span> <span class='ocrx_word' id='word_1_297' title='bbox 476 2521 542 2555; x_wconf 90' lang='lat' dir='ltr'><strong>cum</strong></span> <span class='ocrx_word' id='word_1_298' title='bbox 557 2505 587 2557; x_wconf 90' lang='lat' dir='ltr'><strong>in</strong></span> <span class='ocrx_word' id='word_1_299' title='bbox 606 2507 723 2558; x_wconf 90' lang='lat' dir='ltr'><strong>eandem</strong></span> <span class='ocrx_word' id='word_1_300' title='bbox 740 2521 840 2557; x_wconf 81' lang='lat' dir='ltr'><strong>zonam</strong></span> <span class='ocrx_word' id='word_1_301' title='bbox 855 2506 1016 2574; x_wconf 86' lang='lat' dir='ltr'><strong>declinavit,</strong></span> <span class='ocrx_word' id='word_1_302' title='bbox 1038 2508 1099 2559; x_wconf 63' lang='lat' dir='ltr'><strong>lona</strong></span> 
     </span>
     <span class='ocr_line' id='line_1_34' title="bbox 86 2574 1098 2641; baseline 0.002 -14"><span class='ocrx_word' id='word_1_303' title='bbox 86 2574 157 2627; x_wconf 82' lang='lat' dir='ltr'><strong>&#39;oras</strong></span> <span class='ocrx_word' id='word_1_304' title='bbox 178 2574 245 2629; x_wconf 78' lang='lat' dir='ltr'><strong>&#39;dues</strong></span> <span class='ocrx_word' id='word_1_305' title='bbox 274 2575 373 2637; x_wconf 74' lang='lat' dir='ltr'><strong>efficit3</strong></span> <span class='ocrx_word' id='word_1_306' title='bbox 408 2575 448 2625; x_wconf 89' lang='lat' dir='ltr'><strong>ibi</strong></span> <span class='ocrx_word' id='word_1_307' title='bbox 479 2574 555 2627; x_wconf 89' lang='lat' dir='ltr'><strong>enirn</strong></span> <span class='ocrx_word' id='word_1_308' title='bbox 584 2575 730 2626; x_wconf 87' lang='lat' dir='ltr'><strong>solstitium</strong></span> <span class='ocrx_word' id='word_1_309' title='bbox 760 2574 827 2626; x_wconf 79' lang='lat' dir='ltr'><strong>facit</strong></span> <span class='ocrx_word' id='word_1_310' title='bbox 854 2576 1001 2641; x_wconf 83' lang='lat' dir='ltr'><strong>aestivum,</strong></span> <span class='ocrx_word' id='word_1_311' title='bbox 1030 2577 1098 2629; x_wconf 87' lang='lat' dir='ltr'><strong>VIII.</strong></span> 
     </span>
     <span class='ocr_line' id='line_1_35' title="bbox 104 2642 1099 2712; baseline 0 -15"><span class='ocrx_word' id='word_1_312' title='bbox 104 2642 177 2697; x_wconf 84' lang='lat' dir='ltr'><strong>Iend.</strong></span> <span class='ocrx_word' id='word_1_313' title='bbox 200 2644 252 2697; x_wconf 84' lang='lat' dir='ltr'><strong>Iul.</strong></span> <span class='ocrx_word' id='word_1_314' title='bbox 284 2643 358 2696; x_wconf 83' lang='lat' dir='ltr'><strong>Haec</strong></span> <span class='ocrx_word' id='word_1_315' title='bbox 376 2658 445 2695; x_wconf 79' lang='lat' dir='ltr'><strong>aona</strong></span> <span class='ocrx_word' id='word_1_316' title='bbox 460 2642 618 2697; x_wconf 88' lang='lat' dir='ltr'><strong>habitabilis</strong></span> <span class='ocrx_word' id='word_1_317' title='bbox 635 2653 750 2711; x_wconf 89' lang='lat' dir='ltr'><strong>propter</strong></span> <span class='ocrx_word' id='word_1_318' title='bbox 765 2649 949 2712; x_wconf 85' lang='lat' dir='ltr'><strong>temperiem,</strong></span> <span class='ocrx_word' id='word_1_319' title='bbox 971 2644 1099 2699; x_wconf 85' lang='lat' dir='ltr'><strong>etmulti</strong></span> 
     </span>
     <span class='ocr_line' id='line_1_36' title="bbox 46 2711 1098 2784; baseline -0.001 -18"><span class='ocrx_word' id='word_1_320' title='bbox 46 2712 141 2780; x_wconf 51' lang='lat' dir='ltr'><strong>,solim</strong></span> <span class='ocrx_word' id='word_1_321' title='bbox 162 2720 191 2766; x_wconf 89' lang='lat' dir='ltr'><strong>et</strong></span> <span class='ocrx_word' id='word_1_322' title='bbox 206 2712 279 2765; x_wconf 89' lang='lat' dir='ltr'><strong>illius</strong></span> <span class='ocrx_word' id='word_1_323' title='bbox 295 2714 433 2765; x_wconf 78' lang='lat' dir='ltr'><strong>vicinitate</strong></span> <span class='ocrx_word' id='word_1_324' title='bbox 453 2728 554 2779; x_wconf 84' lang='lat' dir='ltr'><strong>zonae,</strong></span> <span class='ocrx_word' id='word_1_325' title='bbox 578 2728 663 2781; x_wconf 85' lang='lat' dir='ltr'><strong>quam</strong></span> <span class='ocrx_word' id='word_1_326' title='bbox 686 2711 934 2780; x_wconf 80' lang='lat' dir='ltr'><strong>septentrionalem</strong></span> <span class='ocrx_word' id='word_1_327' title='bbox 955 2728 1098 2784; x_wconf 84' lang='lat' dir='ltr'><strong>nuncupa·</strong></span> 
     </span>
     <span class='ocr_line' id='line_1_37' title="bbox 65 2780 1098 2852; baseline 0.003 -19"><span class='ocrx_word' id='word_1_328' title='bbox 65 2782 160 2835; x_wconf 82' lang='lat' dir='ltr'><strong>simus.</strong></span> <span class='ocrx_word' id='word_1_329' title='bbox 191 2780 301 2836; x_wconf 87' lang='lat' dir='ltr'><strong>Medius</strong></span> <span class='ocrx_word' id='word_1_330' title='bbox 323 2789 418 2835; x_wconf 88' lang='lat' dir='ltr'><strong>autern</strong></span> <span class='ocrx_word' id='word_1_331' title='bbox 441 2781 544 2851; x_wconf 78' lang='lat' dir='ltr'><strong>th’gitus</strong></span> <span class='ocrx_word' id='word_1_332' title='bbox 566 2780 732 2850; x_wconf 81' lang='lat' dir='ltr'><strong>significabit</strong></span> <span class='ocrx_word' id='word_1_333' title='bbox 754 2796 871 2847; x_wconf 80' lang='lat' dir='ltr'><strong>aonam,</strong></span> <span class='ocrx_word' id='word_1_334' title='bbox 893 2797 965 2852; x_wconf 82' lang='lat' dir='ltr'><strong>quae</strong></span> <span class='ocrx_word' id='word_1_335' title='bbox 988 2782 1098 2836; x_wconf 82' lang='lat' dir='ltr'><strong>Graece</strong></span> 
     </span>
     <span class='ocr_line' id='line_1_38' title="bbox 65 2846 1100 2919; baseline 0 -16"><span class='ocrx_word' id='word_1_336' title='bbox 65 2850 167 2903; x_wconf 86' lang='lat' dir='ltr'><strong>dicitur</strong></span> <span class='ocrx_word' id='word_1_337' title='bbox 183 2846 338 2919; x_wconf 69' lang='lat' dir='ltr'><strong>s&#39;oopsepsvsi,</strong></span> <span class='ocrx_word' id='word_1_338' title='bbox 362 2850 463 2903; x_wconf 86' lang='lat' dir='ltr'><strong>Latine</strong></span> <span class='ocrx_word' id='word_1_339' title='bbox 487 2850 702 2919; x_wconf 82' lang='lat' dir='ltr'><strong>aequinoctialis.</strong></span> <span class='ocrx_word' id='word_1_340' title='bbox 735 2848 788 2902; x_wconf 89' lang='lat' dir='ltr'><strong>Sed</strong></span> <span class='ocrx_word' id='word_1_341' title='bbox 810 2857 838 2902; x_wconf 92' lang='lat' dir='ltr'><strong>et</strong></span> <span class='ocrx_word' id='word_1_342' title='bbox 854 2850 896 2903; x_wconf 87' lang='lat' dir='ltr'><strong>sol</strong></span> <span class='ocrx_word' id='word_1_343' title='bbox 917 2850 948 2903; x_wconf 88' lang='lat' dir='ltr'><strong>in</strong></span> <span class='ocrx_word' id='word_1_344' title='bbox 964 2852 1037 2905; x_wconf 86' lang='lat' dir='ltr'><strong>banc</strong></span> <span class='ocrx_word' id='word_1_345' title='bbox 1054 2868 1100 2903; x_wconf 84' lang='lat' dir='ltr'><strong>ao·</strong></span> 
     </span>
     <span class='ocr_line' id='line_1_39' title="bbox 66 2918 1099 2989; baseline -0.003 -14"><span class='ocrx_word' id='word_1_346' title='bbox 66 2935 133 2975; x_wconf 75' lang='lat' dir='ltr'><strong>uum</strong></span> <span class='ocrx_word' id='word_1_347' title='bbox 156 2918 199 2973; x_wconf 86' lang='lat' dir='ltr'><strong>bis</strong></span> <span class='ocrx_word' id='word_1_348' title='bbox 216 2937 289 2971; x_wconf 81' lang='lat' dir='ltr'><strong>aimo</strong></span> <span class='ocrx_word' id='word_1_349' title='bbox 307 2918 395 2984; x_wconf 87' lang='lat' dir='ltr'><strong>venit,</strong></span> <span class='ocrx_word' id='word_1_350' title='bbox 418 2927 447 2972; x_wconf 91' lang='lat' dir='ltr'><strong>et</strong></span> <span class='ocrx_word' id='word_1_351' title='bbox 469 2920 552 2970; x_wconf 86' lang='lat' dir='ltr'><strong>toties</strong></span> <span class='ocrx_word' id='word_1_352' title='bbox 574 2919 771 2988; x_wconf 83' lang='lat' dir='ltr'><strong>aequalitatem</strong></span> <span class='ocrx_word' id='word_1_353' title='bbox 793 2918 861 2971; x_wconf 83' lang='lat' dir='ltr'><strong>facit</strong></span> <span class='ocrx_word' id='word_1_354' title='bbox 877 2919 934 2972; x_wconf 90' lang='lat' dir='ltr'><strong>diei</strong></span> <span class='ocrx_word' id='word_1_355' title='bbox 957 2929 986 2974; x_wconf 90' lang='lat' dir='ltr'><strong>et</strong></span> <span class='ocrx_word' id='word_1_356' title='bbox 1001 2921 1099 2989; x_wconf 85' lang='lat' dir='ltr'><strong>noctis,</strong></span> 
     </span>
     <span class='ocr_line' id='line_1_40' title="bbox 66 2988 1098 3057; baseline 0.002 -15"><span class='ocrx_word' id='word_1_357' title='bbox 66 2990 131 3042; x_wconf 81' lang='lat' dir='ltr'><strong>VIII.</strong></span> <span class='ocrx_word' id='word_1_358' title='bbox 146 2988 263 3041; x_wconf 81' lang='lat' dir='ltr'><strong>Kalend.</strong></span> <span class='ocrx_word' id='word_1_359' title='bbox 279 2990 363 3057; x_wconf 87' lang='lat' dir='ltr'><strong>April.</strong></span> <span class='ocrx_word' id='word_1_360' title='bbox 380 2996 409 3041; x_wconf 86' lang='lat' dir='ltr'><strong>et</strong></span> <span class='ocrx_word' id='word_1_361' title='bbox 426 2988 493 3039; x_wconf 86' lang='lat' dir='ltr'>VIII.</span> <span class='ocrx_word' id='word_1_362' title='bbox 510 2988 623 3039; x_wconf 87' lang='lat' dir='ltr'><strong>Kalend.</strong></span> <span class='ocrx_word' id='word_1_363' title='bbox 642 2988 741 3040; x_wconf 91' lang='lat' dir='ltr'><strong>Octob.</strong></span> <span class='ocrx_word' id='word_1_364' title='bbox 774 2988 850 3039; x_wconf 88' lang='lat' dir='ltr'><strong>Haec</strong></span> <span class='ocrx_word' id='word_1_365' title='bbox 867 3004 938 3041; x_wconf 81' lang='lat' dir='ltr'><strong>zona</strong></span> <span class='ocrx_word' id='word_1_366' title='bbox 960 2989 1098 3045; x_wconf 83' lang='lat' dir='ltr'><strong>inhabita·</strong></span> 
     </span>
     <span class='ocr_line' id='line_1_41' title="bbox 67 3056 1098 3128; baseline 0.004 -19"><span class='ocrx_word' id='word_1_367' title='bbox 67 3056 143 3119; x_wconf 67' lang='lat' dir='ltr'><strong>bilin</strong></span> <span class='ocrx_word' id='word_1_368' title='bbox 166 3074 234 3111; x_wconf 84' lang='lat' dir='ltr'><strong>nam</strong></span> <span class='ocrx_word' id='word_1_369' title='bbox 259 3067 374 3128; x_wconf 89' lang='lat' dir='ltr'><strong>propter</strong></span> <span class='ocrx_word' id='word_1_370' title='bbox 397 3057 497 3109; x_wconf 88' lang='lat' dir='ltr'><strong>nimios</strong></span> <span class='ocrx_word' id='word_1_371' title='bbox 520 3057 634 3108; x_wconf 87' lang='lat' dir='ltr'><strong>ardores</strong></span> <span class='ocrx_word' id='word_1_372' title='bbox 658 3056 720 3110; x_wconf 86' lang='lat' dir='ltr'><strong>loca</strong></span> <span class='ocrx_word' id='word_1_373' title='bbox 742 3057 867 3109; x_wconf 87' lang='lat' dir='ltr'><strong>subiecta</strong></span> <span class='ocrx_word' id='word_1_374' title='bbox 889 3056 975 3112; x_wconf 87' lang='lat' dir='ltr'><strong>babet</strong></span> <span class='ocrx_word' id='word_1_375' title='bbox 998 3067 1098 3113; x_wconf 75' lang='lat' dir='ltr'><strong>astuta.</strong></span> 
     </span>
     <span class='ocr_line' id='line_1_42' title="bbox 66 3125 1098 3197; baseline 0.003 -18"><span class='ocrx_word' id='word_1_376' title='bbox 66 3128 185 3197; x_wconf 78' lang='lat' dir='ltr'><strong>Quartus</strong></span> <span class='ocrx_word' id='word_1_377' title='bbox 200 3126 266 3179; x_wconf 87' lang='lat' dir='ltr'><strong>dein</strong></span> <span class='ocrx_word' id='word_1_378' title='bbox 290 3128 389 3195; x_wconf 77' lang='lat' dir='ltr'><strong>digitus</strong></span> <span class='ocrx_word' id='word_1_379' title='bbox 413 3125 579 3195; x_wconf 78' lang='lat' dir='ltr'><strong>significabit</strong></span> <span class='ocrx_word' id='word_1_380' title='bbox 602 3142 715 3192; x_wconf 80' lang='lat' dir='ltr'><strong>aonam,</strong></span> <span class='ocrx_word' id='word_1_381' title='bbox 738 3143 810 3195; x_wconf 87' lang='lat' dir='ltr'><strong>quae</strong></span> <span class='ocrx_word' id='word_1_382' title='bbox 834 3127 988 3195; x_wconf 87' lang='lat' dir='ltr'><strong>appellatur</strong></span> <span class='ocrx_word' id='word_1_383' title='bbox 1004 3145 1098 3197; x_wconf 74' lang='grc' dir='ltr'><em>χειμε-</em></span> 
     </span>
     <span class='ocr_line' id='line_1_43' title="bbox 10 3192 1100 3265; baseline 0.002 -16"><span class='ocrx_word' id='word_1_384' title='bbox 10 3210 14 3215; x_wconf 91' lang='grc'><strong><em>·</em></strong></span> <span class='ocrx_word' id='word_1_385' title='bbox 65 3192 142 3265; x_wconf 65' lang='lat' dir='ltr'><strong>pusi,</strong></span> <span class='ocrx_word' id='word_1_386' title='bbox 170 3214 189 3249; x_wconf 88' lang='lat' dir='ltr'><strong>a</strong></span> <span class='ocrx_word' id='word_1_387' title='bbox 210 3195 290 3247; x_wconf 89' lang='lat' dir='ltr'><strong>nobis</strong></span> <span class='ocrx_word' id='word_1_388' title='bbox 312 3195 455 3255; x_wconf 80' lang='lat' dir='ltr'><strong>hiemalis3</strong></span> <span class='ocrx_word' id='word_1_389' title='bbox 479 3195 553 3263; x_wconf 86' lang='lat' dir='ltr'><strong>quod</strong></span> <span class='ocrx_word' id='word_1_390' title='bbox 576 3194 648 3259; x_wconf 86' lang='lat' dir='ltr'><strong>scil,</strong></span> <span class='ocrx_word' id='word_1_391' title='bbox 671 3212 737 3246; x_wconf 90' lang='lat' dir='ltr'><strong>cum</strong></span> <span class='ocrx_word' id='word_1_392' title='bbox 760 3195 838 3247; x_wconf 89' lang='lat' dir='ltr'><strong>illam</strong></span> <span class='ocrx_word' id='word_1_393' title='bbox 860 3197 902 3248; x_wconf 89' lang='lat' dir='ltr'><strong>sol</strong></span> <span class='ocrx_word' id='word_1_394' title='bbox 924 3201 1100 3265; x_wconf 78' lang='lat' dir='ltr'><strong>transcendit,</strong></span> 
     </span>
     <span class='ocr_line' id='line_1_44' title="bbox 65 3261 1101 3333; baseline -0.003 -11"><span class='ocrx_word' id='word_1_395' title='bbox 65 3268 189 3321; x_wconf 80' lang='lat' dir='ltr'><strong>hiemem</strong></span> <span class='ocrx_word' id='word_1_396' title='bbox 204 3264 287 3328; x_wconf 81' lang='lat' dir='ltr'><strong>tacit,</strong></span> <span class='ocrx_word' id='word_1_397' title='bbox 311 3273 338 3315; x_wconf 89' lang='lat' dir='ltr'><strong>et</strong></span> <span class='ocrx_word' id='word_1_398' title='bbox 354 3265 494 3316; x_wconf 89' lang='lat' dir='ltr'><strong>breviores</strong></span> <span class='ocrx_word' id='word_1_399' title='bbox 513 3261 571 3315; x_wconf 89' lang='lat' dir='ltr'><strong>dies</strong></span> <span class='ocrx_word' id='word_1_400' title='bbox 586 3264 653 3331; x_wconf 87' lang='lat' dir='ltr'><strong>agit.</strong></span> <span class='ocrx_word' id='word_1_401' title='bbox 685 3264 760 3316; x_wconf 89' lang='lat' dir='ltr'><strong>Nam</strong></span> <span class='ocrx_word' id='word_1_402' title='bbox 776 3264 831 3317; x_wconf 91' lang='lat' dir='ltr'><strong>sibi</strong></span> <span class='ocrx_word' id='word_1_403' title='bbox 845 3264 992 3319; x_wconf 87' lang='lat' dir='ltr'><strong>solstitium</strong></span> <span class='ocrx_word' id='word_1_404' title='bbox 1008 3267 1101 3333; x_wconf 84' lang='lat' dir='ltr'><strong>efficit,</strong></span> 
     </span>
     <span class='ocr_line' id='line_1_45' title="bbox 65 3334 1100 3409; baseline 0 -22"><span class='ocrx_word' id='word_1_405' title='bbox 65 3334 140 3409; x_wconf 84' lang='lat' dir='ltr'><strong>quod</strong></span> <span class='ocrx_word' id='word_1_406' title='bbox 162 3342 205 3387; x_wconf 91' lang='lat' dir='ltr'><strong>est</strong></span> <span class='ocrx_word' id='word_1_407' title='bbox 221 3334 288 3386; x_wconf 88' lang='lat' dir='ltr'>VIII.</span> <span class='ocrx_word' id='word_1_408' title='bbox 304 3334 419 3386; x_wconf 84' lang='lat' dir='ltr'><strong>Kalend.</strong></span> <span class='ocrx_word' id='word_1_409' title='bbox 437 3334 545 3385; x_wconf 88' lang='lat' dir='ltr'><strong>Ianuar.</strong></span> <span class='ocrx_word' id='word_1_410' title='bbox 583 3334 660 3383; x_wconf 84' lang='lat' dir='ltr'><strong>Hanc</strong></span> <span class='ocrx_word' id='word_1_411' title='bbox 683 3348 794 3403; x_wconf 84' lang='lat' dir='ltr'><strong>quoque</strong></span> <span class='ocrx_word' id='word_1_412' title='bbox 818 3349 917 3387; x_wconf 83' lang='lat' dir='ltr'><strong>zonam</strong></span> <span class='ocrx_word' id='word_1_413' title='bbox 939 3335 1100 3403; x_wconf 87' lang='lat' dir='ltr'><strong>inhabitari,</strong></span> 
     </span>
     <span class='ocr_line' id='line_1_46' title="bbox 67 3402 1100 3473; baseline 0.003 -18"><span class='ocrx_word' id='word_1_414' title='bbox 67 3402 201 3459; x_wconf 82' lang='lat' dir='ltr'><strong>credibile</strong></span> <span class='ocrx_word' id='word_1_415' title='bbox 218 3409 272 3461; x_wconf 81' lang='lat' dir='ltr'><strong>est;</strong></span> <span class='ocrx_word' id='word_1_416' title='bbox 294 3403 429 3471; x_wconf 87' lang='lat' dir='ltr'><strong>quoniam</strong></span> <span class='ocrx_word' id='word_1_417' title='bbox 452 3409 481 3453; x_wconf 85' lang='lat' dir='ltr'><strong>et</strong></span> <span class='ocrx_word' id='word_1_418' title='bbox 502 3402 562 3470; x_wconf 85' lang='lat' dir='ltr'><strong>ipsa</strong></span> <span class='ocrx_word' id='word_1_419' title='bbox 579 3418 643 3472; x_wconf 88' lang='lat' dir='ltr'><strong>pars</strong></span> <span class='ocrx_word' id='word_1_420' title='bbox 659 3409 815 3473; x_wconf 87' lang='lat' dir='ltr'><strong>temperata</strong></span> <span class='ocrx_word' id='word_1_421' title='bbox 830 3403 905 3457; x_wconf 89' lang='lat' dir='ltr'><strong>inter</strong></span> <span class='ocrx_word' id='word_1_422' title='bbox 920 3406 1053 3458; x_wconf 85' lang='lat' dir='ltr'><strong>aestivum</strong></span> <span class='ocrx_word' id='word_1_423' title='bbox 1070 3413 1100 3458; x_wconf 91' lang='lat' dir='ltr'><strong>et</strong></span> 
     </span>
     <span class='ocr_line' id='line_1_47' title="bbox 65 3471 1100 3540; baseline -0.003 -12"><span class='ocrx_word' id='word_1_424' title='bbox 65 3472 245 3528; x_wconf 72' lang='lat' dir='ltr'><strong>uomcfinem</strong></span> <span class='ocrx_word' id='word_1_425' title='bbox 262 3472 351 3540; x_wconf 84' lang='lat' dir='ltr'><strong>posita</strong></span> <span class='ocrx_word' id='word_1_426' title='bbox 368 3480 423 3537; x_wconf 89' lang='lat' dir='ltr'><strong>est,</strong></span> <span class='ocrx_word' id='word_1_427' title='bbox 445 3471 681 3539; x_wconf 86' lang='lat' dir='ltr'><strong>quemadmodum</strong></span> <span class='ocrx_word' id='word_1_428' title='bbox 704 3473 762 3524; x_wconf 87' lang='lat' dir='ltr'><strong>eius</strong></span> <span class='ocrx_word' id='word_1_429' title='bbox 782 3487 866 3540; x_wconf 86' lang='lat' dir='ltr'><strong>supra</strong></span> <span class='ocrx_word' id='word_1_430' title='bbox 889 3474 1005 3525; x_wconf 83' lang='lat' dir='ltr'><strong>fecimus</strong></span> <span class='ocrx_word' id='word_1_431' title='bbox 1021 3490 1100 3525; x_wconf 85' lang='lat' dir='ltr'><strong>rnen-</strong></span> 
     </span>
     <span class='ocr_line' id='line_1_48' title="bbox 66 3540 1101 3611; baseline -0.004 -14"><span class='ocrx_word' id='word_1_432' title='bbox 66 3544 189 3597; x_wconf 82' lang='lat' dir='ltr'><strong>tionem:</strong></span> <span class='ocrx_word' id='word_1_433' title='bbox 215 3540 362 3606; x_wconf 85' lang='lat' dir='ltr'><strong>aestivalis,</strong></span> <span class='ocrx_word' id='word_1_434' title='bbox 384 3541 457 3591; x_wconf 87' lang='lat' dir='ltr'><strong>inter</strong></span> <span class='ocrx_word' id='word_1_435' title='bbox 482 3540 713 3608; x_wconf 86' lang='lat' dir='ltr'><strong>aequinoctialem</strong></span> <span class='ocrx_word' id='word_1_436' title='bbox 736 3548 765 3592; x_wconf 91' lang='lat' dir='ltr'><strong>et</strong></span> <span class='ocrx_word' id='word_1_437' title='bbox 780 3542 1030 3611; x_wconf 83' lang='lat' dir='ltr'><strong>septentrionalem.</strong></span> <span class='ocrx_word' id='word_1_438' title='bbox 1063 3543 1101 3595; x_wconf 88' lang='lat' dir='ltr'><strong>Et</strong></span> 
     </span>
     <span class='ocr_line' id='line_1_49' title="bbox 65 3608 1101 3679; baseline -0.002 -14"><span class='ocrx_word' id='word_1_439' title='bbox 65 3613 95 3669; x_wconf 89' lang='lat' dir='ltr'><strong>iu</strong></span> <span class='ocrx_word' id='word_1_440' title='bbox 110 3612 166 3666; x_wconf 86' lang='lat' dir='ltr'><strong>bac</strong></span> <span class='ocrx_word' id='word_1_441' title='bbox 183 3626 253 3663; x_wconf 81' lang='lat' dir='ltr'><strong>zona</strong></span> <span class='ocrx_word' id='word_1_442' title='bbox 269 3610 292 3659; x_wconf 89' lang='lat' dir='ltr'><strong>si</strong></span> <span class='ocrx_word' id='word_1_443' title='bbox 310 3608 545 3678; x_wconf 72' lang='lat' dir='ltr'><strong>quiinbabitant,</strong></span> <span class='ocrx_word' id='word_1_444' title='bbox 569 3609 741 3679; x_wconf 83' lang='lat' dir='ltr'><strong>appellantur</strong></span> <span class='ocrx_word' id='word_1_445' title='bbox 765 3610 878 3663; x_wconf 84' lang='lat' dir='ltr'><strong>anobis</strong></span> <span class='ocrx_word' id='word_1_446' title='bbox 895 3612 1101 3677; x_wconf 85' lang='lat' dir='ltr'><strong>Antichthoncs,</strong></span> 
     </span>
     <span class='ocr_line' id='line_1_50' title="bbox 63 3674 1102 3749; baseline -0.003 -14"><span class='ocrx_word' id='word_1_447' title='bbox 63 3678 101 3739; x_wconf 72' lang='lat' dir='ltr'><strong>sis</strong></span> <span class='ocrx_word' id='word_1_448' title='bbox 115 3676 170 3749; x_wconf 71' lang='grc' dir='ltr'><strong>τῆν</strong></span> <span class='ocrx_word' id='word_1_449' title='bbox 185 3678 307 3734; x_wconf 72' lang='grc' dir='ltr'><strong>ἐναντίον</strong></span> <span class='ocrx_word' id='word_1_450' title='bbox 322 3674 413 3741; x_wconf 80' lang='grc' dir='ltr'><strong><em>χθόνα</em></strong></span> <span class='ocrx_word' id='word_1_451' title='bbox 429 3674 571 3732; x_wconf 72' lang='grc' dir='ltr'><strong><em>οἰκοῦντες.</em></strong></span> <span class='ocrx_word' id='word_1_452' title='bbox 605 3678 713 3747; x_wconf 82' lang='lat' dir='ltr'><strong>Digitus</strong></span> <span class='ocrx_word' id='word_1_453' title='bbox 725 3680 857 3731; x_wconf 90' lang='lat' dir='ltr'><strong>minimus</strong></span> <span class='ocrx_word' id='word_1_454' title='bbox 873 3679 959 3730; x_wconf 84' lang='lat' dir='ltr'><strong>habet</strong></span> <span class='ocrx_word' id='word_1_455' title='bbox 975 3680 1102 3748; x_wconf 89' lang='lat' dir='ltr'><strong>quintam</strong></span> 
     </span>
     <span class='ocr_line' id='line_1_51' title="bbox 63 3745 1103 3861; baseline -0.001 -57"><span class='ocrx_word' id='word_1_456' title='bbox 63 3768 182 3818; x_wconf 72' lang='lat' dir='ltr'><strong>mnam,</strong></span> <span class='ocrx_word' id='word_1_457' title='bbox 199 3748 364 3831; x_wconf 79' lang='lat' dir='ltr'><strong>appellatam</strong></span> <span class='ocrx_word' id='word_1_458' title='bbox 381 3745 472 3801; x_wconf 80' lang='grc' dir='ltr'><strong><em>νότιον</em></strong></span> <span class='ocrx_word' id='word_1_459' title='bbox 477 3773 487 3815; x_wconf 89' lang='lat'><strong>,-</strong></span> <span class='ocrx_word' id='word_1_460' title='bbox 505 3746 638 3818; x_wconf 88' lang='lat' dir='ltr'><strong>quoniam</strong></span> <span class='ocrx_word' id='word_1_461' title='bbox 656 3763 687 3798; x_wconf 81' lang='lat' dir='ltr'><strong>er</strong></span> <span class='ocrx_word' id='word_1_462' title='bbox 704 3748 752 3801; x_wconf 88' lang='lat' dir='ltr'><strong>illa</strong></span> <span class='ocrx_word' id='word_1_463' title='bbox 768 3756 848 3861; x_wconf 79' lang='lat' dir='ltr'><strong>parte</strong></span> <span class='ocrx_word' id='word_1_464' title='bbox 866 3764 930 3800; x_wconf 88' lang='lat' dir='ltr'><strong>cum</strong></span> <span class='ocrx_word' id='word_1_465' title='bbox 948 3748 1023 3803; x_wconf 82' lang='lat' dir='ltr'><strong>ufiIat</strong></span> <span class='ocrx_word' id='word_1_466' title='bbox 1038 3766 1103 3803; x_wconf 85' lang='lat' dir='ltr'><strong>ven-</strong></span> 
     </span>
     <span class='ocr_line' id='line_1_52' title="bbox 63 3816 1101 3886; baseline -0.001 -11"><span class='ocrx_word' id='word_1_467' title='bbox 63 3830 108 3875; x_wconf 82' lang='lat' dir='ltr'><strong>tus</strong></span> <span class='ocrx_word' id='word_1_468' title='bbox 146 3820 295 3874; x_wconf 81' lang='lat' dir='ltr'><strong>humidum</strong></span> <span class='ocrx_word' id='word_1_469' title='bbox 311 3818 380 3871; x_wconf 83' lang='lat' dir='ltr'><strong>facit</strong></span> <span class='ocrx_word' id='word_1_470' title='bbox 396 3823 505 3883; x_wconf 66' lang='lat' dir='ltr'><strong>adrem,</strong></span> <span class='ocrx_word' id='word_1_471' title='bbox 526 3825 555 3867; x_wconf 83' lang='lat' dir='ltr'><strong>et</strong></span> <span class='ocrx_word' id='word_1_472' title='bbox 571 3816 721 3871; x_wconf 88' lang='lat' dir='ltr'><strong>humorem</strong></span> <span class='ocrx_word' id='word_1_473' title='bbox 740 3832 772 3867; x_wconf 90' lang='lat' dir='ltr'><strong>co</strong></span> <span class='ocrx_word' id='word_1_474' title='bbox 783 3818 870 3884; x_wconf 78' lang='lat' dir='ltr'><strong>ligans</strong></span> <span class='ocrx_word' id='word_1_475' title='bbox 888 3830 1001 3886; x_wconf 89' lang='lat' dir='ltr'><strong>corpus,</strong></span> <span class='ocrx_word' id='word_1_476' title='bbox 1025 3821 1101 3874; x_wconf 88' lang='lat' dir='ltr'><strong>uotia</strong></span> 
     </span>
     <span class='ocr_line' id='line_1_53' title="bbox 61 3860 1103 3958; baseline -0.004 -12"><span class='ocrx_word' id='word_1_477' title='bbox 61 3860 177 3947; x_wconf 78' lang='lat' dir='ltr'><strong>dicitur.</strong></span> <span class='ocrx_word' id='word_1_478' title='bbox 212 3890 287 3943; x_wconf 82' lang='lat' dir='ltr'><strong>Haec</strong></span> <span class='ocrx_word' id='word_1_479' title='bbox 303 3886 387 3958; x_wconf 77' lang='lat' dir='ltr'><strong>plaga</strong></span> <span class='ocrx_word' id='word_1_480' title='bbox 402 3886 528 3941; x_wconf 87' lang='lat' dir='ltr'><strong>australis</strong></span> <span class='ocrx_word' id='word_1_481' title='bbox 552 3886 721 3958; x_wconf 85' lang='lat' dir='ltr'><strong>appellatur,</strong></span> <span class='ocrx_word' id='word_1_482' title='bbox 743 3884 913 3957; x_wconf 86' lang='lat' dir='ltr'><strong>depressior,</strong></span> <span class='ocrx_word' id='word_1_483' title='bbox 936 3902 1020 3957; x_wconf 86' lang='lat' dir='ltr'><strong>quam</strong></span> <span class='ocrx_word' id='word_1_484' title='bbox 1037 3898 1069 3941; x_wconf 91' lang='lat' dir='ltr'><strong>ut</strong></span> <span class='ocrx_word' id='word_1_485' title='bbox 1084 3908 1103 3942; x_wconf 83' lang='lat' dir='ltr'><strong>a</strong></span> 
     </span>
    </p>
   </div>
   <div class='ocr_carea' id='block_1_5' title="bbox 0 0 1223 4506">
    <p class='ocr_par' dir='ltr' id='par_1_6' title="bbox 0 0 1223 4506">
     <span class='ocr_line' id='line_1_54' title="bbox 0 0 1223 4506; baseline 0 0"><span class='ocrx_word' id='word_1_486' title='bbox 0 0 1223 4506; x_wconf 95' lang='lat' dir='ltr'><strong> </strong></span> 
     </span>
    </p>
   </div>
  </div>
 </body>
</html>
