2424 4506
153 287 190 328 m
213 218 373 334 sucu.
398 218 573 376 niuniu.
594 269 676 333 trs.
697 269 770 346 ru,
791 244 985 359 sio-ess.
1049 279 1091 346 ss

56 445 206 521 Πήιηρκκ.
230 472 256 513 τ.
273 450 300 512 i.
320 442 360 494 ¹·-
401 461 462 515 870.
488 457 587 509 crines
614 456 720 508 scindit
744 456 869 524 solutos3
892 464 941 509 aut
960 457 1041 511 solvit
1064 466 1093 510 et

58 523 164 588 scindit,
187 532 237 593 aut
248 525 361 576 solutos
384 542 441 578 nort
458 536 573 595 propter
589 528 682 578 fratris
701 523 828 589 exitiuni,
851 527 900 578 sed
918 543 983 596 q..
1002 563 1009 577 .
1025 529 1040 560 *
1056 553 1091 565 —

39 589 112 655 tm.
129 589 210 657 Quid
228 598 322 658 nunc5
348 595 479 651 decertet
501 597 608 647 inducit
628 595 703 664 loqui
721 593 914 663 coepisse.]'-
948 601 1010 653 873.
1028 595 1090 645 Du-

60 674 113 723 m3
130 662 244 727 immiti,
262 679 333 730 quae
349 671 441 734 posset
457 665 575 716 fratrem
593 681 709 716 cernere
727 670 770 712 tot
785 662 926 714 laboribus
942 665 1091 715 subditum.

62 726 185 795 θηραταῖς
210 739 342 797 superest.
360 758 395 770 -—
429 737 491 788 874.
507 733 654 796 Μοηηνος
684 732 799 798 augurio
818 749 848 784 ex
865 733 934 782 Iovis
951 732 1088 785 voluntate

64 799 180 851 venienti.
200 800 381 851 .Obscocnne
399 803 546 865 voluens,-
572 803 702 853 invidiose
720 801 793 852 dixit.
827 801 899 851 Nam
917 817 973 852 una
990 810 1038 852 est.
1057 828 1088 840 -

63 868 112 923 879.
129 864 192 933 Quo
213 860 301 919 nisam
320 871 396 921 dedit
414 883 572 933 aeternnm,
597 871 660 938 quia
679 870 857 920 occurrebat:
884 870 936 920 Sed
972 872 1090 923 reestitit

64 932 308 1003 mortalitatem,
340 940 408 991 dicit
437 939 509 989 hanc
534 952 674 990 aeternam
699 955 756 990 esse
783 944 895 991 causam
920 889 1029 990 doioris.
1056 962 1090 979 -··

63 1006 112 1061 ua.
135 1007 338 1074 [immortalis3
374 1025 425 1078 per
452 1007 672 1076 indignationem
695 1009 801 1058 dictum
830 1016 884 1061 est:
914 1009 1088 1059 Immortalis

65 1088 116 1141 ego,
139 1092 225 1143 qnam
242 1077 363 1128 maxime
380 1077 484 1129 scilicet
500 1094 515 1127 c
534 1115 540 1128 .
559 1116 565 1129 .
584 1115 590 1128 .
609 1116 615 1128 .
633 1076 671 1142 *].
689 1103 720 1112 -
756 1083 817 1134 885.
837 1076 946 1128 Glauco
966 1081 1096 1145 amictn3¹

64 1142 128 1211 quasi
148 1145 276 1213 nympha
300 1153 414 1214 propter
439 1147 576 1197 undarum
601 1145 817 1198 similitudinem.
836 1171 870 1184 —
904 1152 966 1204 888.
983 1147 1087 1215 ingens

64 1212 212 1278 tritomum
237 1215 364 1282 [quidam
381 1230 432 1283 pro
454 1215 546 1282 ligneo
564 1217 717 1283 accipiunt,
741 1222 771 1265 ut
792 1216 830 1266 ho
849 1253 855 1266 .
875 1253 882 1267 .
900 1254 906 1267 .
925 1216 989 1283 (hoc
1006 1215 1089 1280 loco)]

63 1294 106 1331 uon
120 1289 186 1333 sunt
204 1283 283 1349 (sint)
302 1283 357 1334 duo
374 1283 519 1352 Epitheta,
543 1285 591 1336 sed
608 1288 713 1336 Aeneas
730 1284 843 1350 ingens,
859 1285 946 1335 telum
963 1295 1089 1335 coruscat

62 1348 208 1404 arboreum.
224 1378 261 1390 ·-
295 1357 358 1410 890.
374 1353 483 1419 [saevis
502 1355 664 1403 certandum
691 1357 821 1403 cominus
839 1357 928 1404 armis
935 1377 946 1417 ,-
968 1354 1017 1405 sed
1034 1353 1088 1404 hoc

41 1414 113 1473 -ldto
129 1418 212 1484 dicit,
236 1420 302 1488 quia
319 1421 431 1473 vulnere
449 1422 543 1472 tardus
561 1424 648 1490 magis
666 1423 822 1473 comminus
839 1439 964 1491 pugnare
984 1422 1087 1473 deside-

37 1494 101 1555 ,mt
116 1514 151 1526 —
186 1492 250 1546 891.
270 1488 333 1539 Tete
352 1492 384 1540 in
397 1491 508 1560 faciesj
526 1492 657 1560 teipsum,
682 1500 713 1543 ct
734 1491 943 1560 'proverbialiter
961 1491 1085 1558 dictum]

60 1552 203 1622 contrahe,
229 1558 342 1626 collige;
367 1568 408 1611 est
431 1566 525 1610 autem
547 1559 652 1611 hostilis
674 1560 825 1613 iracundia.
849 1588 884 1597 -
925 1565 986 1616 892.
1004 1562 1086 1629 [Ani-

59 1628 119 1692 nis,
141 1627 160 1678 i.
179 1644 205 1678 e.
222 1627 332 1678 viribus.
367 1631 422 1678 Aut
439 1629 514 1679 enirn
532 1629 643 1694 animo,
668 1636 715 1680 etit
738 1644 871 1698 corpore,
895 1637 943 1680 aut
959 1632 1087 1695 precibus

58 1700 162 1767 ¹atroce
187 1711 334 1764 possumus
358 1696 487 1765 quicquid
511 1714 667 1766 possumus,
692 1706 720 1749 et
742 1697 795 1748 hoc
821 1698 883 1748 ideo
908 1698 973 1765 quia
996 1707 1087 1768 septus

39 1772 107 1815 ·trat
130 1765 272 1838 undique,
296 1773 324 1818 et
346 1780 401 1816 non
424 1766 548 1817 habebat
569 1766 723 1834 effugium]
741 1792 774 1802 -
815 1769 878 1822 894.
897 1767 986 1835 Caput
1004 1764 1107 1833 pitiss-x

59 1848 130 1893 sons3
154 1834 330 1886 concutiens:
354 1841 385 1883 ut
403 1837 452 1900 (7,
470 1835 558 1898 292.):
587 1835 667 1885 Tunc
686 1852 829 1904 quassans
846 1849 937 1903 caput.
956 1860 990 1872 -·
1026 1842 1087 1895 895.

57 1898 85 1951 dt
104 1902 234 1968 Iuppiter
259 1903 363 1964 hostis3
390 1903 457 1955 ordo
481 1911 534 1954 est:
558 1919 575 1953 o
599 1906 677 1954 ferox
700 1906 795 1956 hostis.
820 1930 852 1940 ··
895 1911 956 1962 896.
980 1904 1086 1954 Saxum

58 1972 258 2036 circumspicit;
291 1973 408 2022 Homeri
432 1980 505 2022 totus
530 1973 575 2023 hic
597 1973 673 2023 locus
698 1981 739 2026 est
760 1973 824 2041 [(11.
843 1991 875 2038 η,
892 1972 987 2036 264.):
1012 1968 1088 2028 ’Ati'

60 2032 272 2108 inardescimus
289 2061 314 2094 κ.
332 2061 358 2094 τ.
376 2037 400 2094 i.
435 2040 472 2091 Et
489 2040 562 2093 alibi.
581 2042 621 2108 (Il.
638 2062 672 2110 μ,
689 2042 762 2102 445.)
776 2063 782 2093 :
794 2034 904 2110 Ἕκτωρ
923 2062 947 2096 κ.
962 2061 987 2096 τ.
1004 2041 1041 2108 1.]
1054 2070 1088 2082 -

57 2113 108 2167 887.
135 2110 241 2177 Campo
267 2112 318 2179 qui
335 2111 413 2180 forte
438 2111 548 2161 iacebat
570 2110 666 2162 Limes
691 2130 760 2179 agro
785 2115 911 2178 positus,
935 2114 1087 2164 secundum

55 2187 134 2231 artem
157 2179 275 2249 proprio
301 2179 460 2249 (propiori)
484 2182 639 2248 respondet.
674 2179 749 2230 Sicut
766 2179 904 2231 Sallustius
928 2182 999 2246 (Cat.
1017 2183 1086 2245 55.):

55 2246 96 2298 Est
111 2249 193 2299 locus
212 2250 245 2298 in
263 2265 373 2299 carcerc
391 2249 465 2316 quod
481 2248 648 2300 Tullianum
664 2251 829 2316 appellatur.
844 2275 878 2286 -
913 2254 974 2306 902.
993 2246 1086 2301 Minu

56 2329 157 2385 raptum
175 2319 302 2384 trepidng
327 2325 376 2368 aut
390 2319 504 2370 festina:
526 2327 574 2370 aut
590 2337 621 2370 re
638 2336 702 2371 vera
720 2320 843 2386 trepida,
868 2317 932 2386 quia
949 2320 1099 2387 sequitur:

55 2384 97 2436 ded
114 2392 204 2452 neque
222 2394 377 2438 currentem
396 2403 446 2437 nec
464 2405 493 2438 ss
511 2391 656 2455 cognoscit
670 2400 786 2440 euntem.
823 2387 981 2454 Torquebat
986 2413 997 2452 ,-
1016 2389 1086 2440 bene

54 2454 210 2526 imperfecto
229 2471 292 2506 usus
310 2464 351 2508 est
366 2464 503 2525 tempore,
520 2457 584 2526 quid
600 2465 713 2508 nonest
729 2458 885 2526 perfectum
900 2458 974 2524 quod
989 2458 1086 2508 voluit:

54 2532 90 2575 ut:
107 2540 156 2574 nec
174 2527 300 2590 spatium
318 2528 409 2576 evasit
426 2538 523 2590 totum,
542 2543 590 2577 nec
607 2528 722 2592 pertulit
737 2529 828 2575 ictum.
843 2554 877 2563 -
912 2530 972 2583 906.
990 2527 1068 2593 [Viri
1074 2551 1084 2591 ,·

55 2593 118 2646 mire
136 2595 198 2643 uiri
214 2594 321 2647 addidit
338 2595 415 2664 quasi
433 2604 546 2664 propter
563 2598 703 2646 rationem
721 2595 778 2646 eius
796 2595 846 2662 qui
867 2595 997 2661 languide
1014 2597 1085 2647 iece-

54 2669 104 2726 nt,
126 2669 155 2714 et
171 2662 232 2732 ipse
249 2663 316 2733 lapis
333 2665 391 2716 sine
410 2665 512 2716 effectu
529 2665 628 2729 fucrit,
654 2674 683 2713 ut
700 2666 722 2714 si
740 2664 861 2714 dixisset:
884 2663 946 2712 talis
971 2672 1013 2714 est
1035 2665 1086 2729 vir,

53 2730 157 2798 qualem
181 2731 333 2802 descripsi]
351 2758 384 2770 «-
419 2738 479 2788 907.
497 2732 556 2783 Nec
576 2737 696 2801 spatium
716 2735 820 2796 evctsit5
844 2731 890 2783 hic
914 2732 1084 2802 distinguen-

53 2800 112 2850 tum
138 2808 197 2867 est,
219 2808 252 2852 ut
274 2802 324 2867 sit,
348 2808 439 2852 totum
464 2818 516 2853 nec
540 2804 653 2870 pertulit
676 2803 779 2868 ictum:
801 2802 819 2852 i.
838 2820 860 2851 e.
881 2809 1025 2852 evacuatus
1044 2809 1086 2854 est

51 2868 166 2941 impetus
187 2870 272 2937 ipsius
296 2872 384 2940 spatio
407 2870 542 2937 longiore.
567 2898 600 2908 —
650 2877 710 2928 908.
737 2872 775 2918 Ac
800 2872 875 2920 velut
900 2871 932 2918 in
956 2874 1081 2938 somnis;
1152 2918 1154 2921 .

53 2937 159 2988 Homeri
183 2939 356 3008 comparatio
380 2939 607 3006 [(11.χ,189.);
634 2935 680 2992 Ὡς
705 2935 759 2991 ὃἜν
783 2933 875 3008 ὀνείρῳ
901 2957 926 2991 κ.
945 2958 970 2993 τ.
988 2938 1031 3004 L]
1049 2968 1080 2977 -

53 3009 105 3062 917.
129 3005 190 3056 Nec
215 3024 270 3074 qun
295 3026 323 3058 se
347 3010 466 3075 eripint;
500 3015 590 3058 totum
620 3013 696 3059 euim
719 3006 833 3060 Troiani
863 3007 1025 3061 clauserant.
1048 3038 1081 3047 —
1134 3024 1140 3039 “

53 3078 106 3131 920.
123 3074 250 3127 Sortitus
262 3076 415 3146 fortunam
434 3079 526 3129 oculis
533 3101 543 3142 ,-
567 3079 641 3130 huno
658 3079 752 3129 locum
770 3077 854 3127 oculis
872 3075 907 3127 ad
923 3079 1080 3131 feriendum

52 3143 127 3212 elegit
150 3148 273 3210 Aeneas,
296 3163 379 3214 quem
403 3147 517 3197 fortuna
542 3145 724 3199 destinaverat
740 3147 852 3197 vulneri.
870 3174 904 3183 -
939 3150 1000 3204 922.
1018 3149 1082 3200 Fui-

53 3215 120 3264 mine
136 3217 229 3280 tanti,
253 3230 304 3283 pro
322 3216 441 3279 tonitru,
457 3216 516 3266 sine
533 3232 588 3282 quo
605 3232 748 3284 nunquam
765 3216 870 3266 fulmen
888 3217 1032 3269 emittitur.
1048 3224 1083 3256 '—

52 3284 105 3340 923.
122 3283 187 3335 Ans·
204 3286 315 3334 turbini
334 3284 440 3343 instar,
460 3284 552 3334 niultis
569 3285 655 3334 utitur
672 3283 926 3351 comparationibus
944 3286 978 3336 ad
996 3294 1082 3357 expri-

52 3351 180 3404 mendum
196 3353 317 3405 nimium
333 3352 484 3422 impetum:
509 3361 537 3403 et
556 3355 662 3418 instar,
680 3362 810 3419 utsupra
828 3357 871 3417 (2,
890 3353 941 3413 15.)
958 3355 1082 3422 diximus,

53 3435 95 3487 per
111 3438 140 3473 se
156 3422 275 3492 plenum
293 3430 358 3488 est,
372 3437 424 3472 neo
441 3421 542 3488 'recipit
559 3423 806 3490 praepositionem,
827 3421 892 3472 licet
910 3421 1026 3474 Serenus
1044 3429 1081 3477 nd

53 3489 141 3541 instar
159 3490 267 3557 dixerit,
284 3492 356 3559 quod
373 3490 403 3540 in
418 3489 525 3541 idoneis
544 3506 600 3540 uon
618 3491 754 3542 invenitur
772 3490 938 3541 auctoribus.
952 3517 985 3528 -
1020 3499 1081 3552 925.

54 3555 138 3624 istus5
162 3576 314 3630 permissus.
348 3561 420 3610 Nam
445 3559 622 3628 participium
648 3567 701 3622 est,
727 3577 760 3611 ac
784 3559 806 3609 ei
830 3559 949 3610 diceret:
975 3561 1082 3614 Cecidit

53 3625 133 3678 elisus.
150 3655 185 3665 -
220 3633 282 3686 931.
299 3629 434 3694 Equidem
462 3631 564 3689 merui;
591 3629 742 3680 secundum
768 3635 857 3678 artem
883 3629 941 3696 agit
963 3629 1082 3682 rhetori-

53 3709 117 3746 cam.
151 3698 226 3748 Nam
243 3698 367 3765 quotiens
384 3694 483 3769 [ipsae]
500 3712 635 3765 personae
658 3697 688 3747 in
704 3698 806 3749 invidia
824 3704 901 3762 sunt,
925 3697 996 3749 aliae
1013 3701 1081 3766 [per

52 3761 277 3830 insinuationem,
292 3774 323 3815 ut
340 3767 437 3817 Cicero
455 3767 509 3829 ait,
530 3765 677 3817 hominem
695 3782 745 3833 pro
764 3763 912 3829 homine,]
934 3766 976 3816 his
994 3770 1080 3835 (codd.

53 3848 95 3901 pro
113 3834 171 3895 his)
189 3843 366 3902 opponuntur
384 3836 514 3900 (adponi.
549 3833 627 3885 Unde
644 3834 682 3884 ite
702 3835 753 3884 ait:
778 3836 837 3900 Ego
857 3833 970 3898 quidem
992 3839 1080 3889 occidi

53 3915 172 3966 mereor,
196 3903 244 3955 sed
260 3910 292 3952 tu
309 3902 391 3954 debes
415 3905 558 3970 ignoscere
575 3905 697 3970 parentis
713 3903 823 3954 intuitu.
858 3902 916 3952 Nec
935 3905 1064 3970 deprecor
1070 3931 1079 3970 ,-

56 3985 103 4022 uun
132 3970 240 4034 refuto,
268 3987 325 4022 non
346 3987 451 4024 recuso.
478 3998 511 4008 -
562 3975 624 4029 932.
647 3971 729 4022 Utere
755 3985 827 4022 sorte
861 3983 927 4032 tua3
955 3974 1078 4026 interfice

54 4036 153 4094 honum
184 4047 274 4092 tuum.
297 4066 332 4078 -·
379 4046 441 4100 933.
465 4039 531 4092 Fuit
554 4052 579 4092 et
610 4042 678 4091 tuiis
702 4041 839 4091 Anchises
861 4042 986 4108 genitum
1015 4043 1078 4111 [hic
