2288 4514
105 282 173 345 352
374 272 508 336 Puout
531 270 901 337 COMMENTARIUS
978 308 991 323 κ

107 456 137 514 δέ
153 456 245 515 πάντα
262 455 407 523 δέδασται,
426 458 537 513 innotos
554 458 659 531 έμμορε
676 452 775 529 τιμῆς,
794 454 890 517 Ἤτοι
906 456 976 533 έγιῦν
990 456 1038 525 ilat

106 534 215 599 ναιέμεν
239 528 292 585 aial
312 528 502 596 παλλομένων,
526 524 625 596 'Adiit
648 523 675 583 δ’
695 528 793 595 ἔλακον
818 528 911 601 ζόφον
927 527 1038 603 ἠερόεντι

108 598 133 655 d’
149 600 244 665 ἔλαχον
266 595 382 671 osipus-dc
407 596 488 663 eripiat
510 596 541 651 έν
558 596 654 671 αἰθέρι
669 606 715 653 καὶ
738 598 1012 671 renominarunt
1025 602 1039 655 ἓ.

106 668 218 725 usinum·
240 666 415 739 καὶμακρὸε
434 666 584 749 Ὄλυμπον.
635 670 670 721 Ut
693 669 729 721 ad
755 656 857 723 louein
886 674 986 725 nuthet·
1006 688 1039 741 pe

107 758 188 795 mare
206 742 243 794 ad
257 742 435 811 Neptunium,
451 739 523 789 Ditis
539 737 659 809 imperia
675 738 750 809 apud
766 738 887 807 inferos,
903 748 1039 795 terrama

107 829 176 866 nom
198 810 328 862 omnibus
350 808 524 861 remansisse.
556 808 590 859 In
613 822 669 875 quo
693 806 977 863 animadvertendum
998 816 1039 875 est,

107 884 245 934 Homerus
261 878 415 930 consentiat
430 874 594 945 Empedocli
610 883 639 928 et
654 877 839 945 Heracleoni,
863 870 956 933 Cicer.
972 878 1039 933 diver

108 952 201 1003 aione.
235 946 391 1000 Aristoteles
407 954 538 1015 quattuor
555 944 694 1001 elementa
710 946 764 1009 ait,
788 964 898 1016 aquam
915 954 948 1001 et
962 955 1039 1001 terru

107 1020 220 1073 denibus
237 1020 292 1068 suis
309 1015 440 1069 deorsum
456 1014 541 1079 ferri,
567 1014 663 1083 ignem
686 1024 715 1068 et
737 1019 805 1069 eitra
828 1018 970 1069 tenuitate
989 1033 1033 1069 sue

107 1088 180 1152 veri,
197 1093 225 1139 ct
240 1085 284 1137 his
300 1091 430 1153 quattuor
447 1084 590 1137 elementis
606 1082 749 1153 quintum,
766 1085 850 1153 quaesi
886 1086 1040 1157 roprium,a

109 1157 187 1210 addit
208 1154 315 1225 privata
336 1153 411 1206 mole
437 1153 594 1205 discretum.
641 1152 721 1205 Idem
744 1154 839 1205 Aristo
896 1172 911 1207 s
934 1156 989 1219 eit,
1009 1168 1040 1207 aa

107 1227 200 1291 idem,
216 1224 312 1292 ignem
331 1230 360 1274 et
376 1226 457 1283 aara3
480 1220 722 1291 diversitatemque
739 1237 842 1275 eorum
858 1222 1034 1293 comprobari

108 1295 184 1365 quod
200 1292 271 1362 ignis
290 1291 386 1343 omnia
403 1298 563 1356 consumat,
586 1290 683 1344 aether
707 1290 804 1345 onmia
820 1300 971 1347 conservet
993 1300 1040 1347 etr

107 1368 281 1431 Anaxagoras
297 1360 341 1412 his
357 1368 488 1429 quattuor
512 1360 656 1415 elementis
677 1359 835 1412 constitutis
858 1368 1002 1417 rectorem
1020 1379 1041 1415 u

107 1433 163 1485 sive
187 1430 332 1499 spiritum,
354 1434 410 1481 sive
432 1428 531 1494 deum,
552 1429 609 1480 sive
631 1436 772 1493 mentem,
795 1444 852 1497 per
868 1430 942 1485 haec
959 1439 1041 1501 quarti

108 1508 220 1571 guntur.
259 1500 311 1551 llic
327 1500 502 1567 Anaxagoras
518 1496 662 1550 Abderites
684 1497 753 1563 fuit,
777 1496 949 1551 Democrito
964 1498 1041 1571 popul

107 1568 270 1637 discipulus;
287 1582 448 1636 quanquam
464 1566 513 1619 alii
528 1566 692 1635 Dionysium
708 1566 894 1636 Cyzicenum,
917 1570 1041 1651 quidam,

106 1640 194 1693 telem
216 1638 382 1704 magistrum
406 1637 466 1689 eius
489 1634 644 1697 affirment3
665 1634 707 1687 vir
730 1634 849 1702 nobilis,
872 1654 981 1691 amicus
994 1637 1041 1689 Ala

99 1707 182 1779 ¹apud
197 1706 292 1758 Persas
308 1722 412 1759 comes.
445 1704 498 1757 Hic
522 1705 648 1757 animum
670 1702 841 1774 principium
865 1707 995 1759 omnium
1015 1723 1041 1759 te

106 1777 189 1835 iacit3
206 1792 291 1843 quem
307 1782 416 1828 secutus
431 1774 510 1825 Plato
527 1773 556 1825 in
573 1772 620 1825 lib.
643 1778 707 1843 περὶ
728 1770 817 1839 Ψυχῆς
836 1773 877 1826 sic
893 1776 951 1829 ait:
972 1770 1041 1831 'All'

107 1861 155 1901 ont
171 1848 222 1913 μέν
244 1862 313 1898 ποτε
328 1840 446 1914 duflinen
462 1838 536 1896 τννῦσ
559 1838 595 1895 cit
612 1839 698 1895 ἔοικεν
713 1836 905 1913 Ἀναξαγόρου
923 1840 1042 1917 despuit

108 1923 156 1971 slot
170 1913 307 1983 λέγοντος,
332 1910 368 1967 cis
384 1910 440 1983 ἅμα
455 1912 517 1965 νοῦς
533 1910 606 1967 ἐστὶν
623 1908 639 1965 o‘
655 1909 748 1966 πάντα
764 1910 817 1967 οιόὶ
840 1912 952 2001 κοσμοῦν
966 1935 996 1971 ra
1008 1934 1042 1967 ra.

107 2004 163 2041 των
180 1988 284 2051 αἴτιον,
307 1980 382 2046 ἔδοξέ
398 2004 448 2051 μοι
465 1974 496 2035 οῦ
511 1982 594 2047 ἔχειν,
618 1978 668 2035 νῦν
683 1980 835 2039 rainelmo
852 2004 967 2039 παντων
981 1988 1042 2039 airu

107 2051 267 2126 ἡγησάμην,
299 2051 324 2107 εἰ
351 2054 432 2107 τοῦτο
462 2046 548 2106 oileus
577 2054 648 2117 ἕχον,
679 2048 760 2106 τόνδε
788 2050 855 2107 νοῦν
879 2052 1027 2125 κοσμοῦντα

108 2130 227 2195 κοσμεῖν.
264 2122 345 2193 Quod
361 2140 449 2191 aeque
467 2123 597 2191 Virgilius
620 2122 697 2175 idem
720 2132 829 2175 secutus
853 2132 910 2177 est:
934 2124 1042 2197 Spiriuu

35 2200 40 2215 ¹
109 2198 174 2261 alit,
197 2203 341 2260 totamque
358 2193 448 2244 inlusa
466 2208 518 2262 per
537 2200 614 2249 artus
631 2191 713 2243 Mens
729 2192 817 2259 agitat
832 2194 949 2247 molem.
982 2194 1043 2247 Nau

108 2270 282 2332 Anaxagoras
298 2258 363 2313 νοῦν
379 2262 454 2312 lnmc
473 2260 573 2327 (dici)
598 2260 726 2333 spiritum
744 2262 827 2327 dixit3
853 2270 883 2316 et
899 2264 1043 2332 quoniam:

108 2350 171 2387 mus
194 2334 225 2384 in
248 2333 324 2385 hunc
346 2331 454 2395 locum,
476 2348 542 2401 pars
564 2338 606 2383 est
629 2318 768 2397 prdesenti
791 2332 964 2400 quaestioni,
984 2347 1043 2385 sum

107 2403 264 2465 videamus,
287 2399 354 2467 quid
376 2400 405 2450 in
428 2400 471 2450 his
489 2415 599 2469 quoque
622 2407 687 2467 egat
704 2401 843 2469 Virgilius.
877 2404 978 2454 Versus
993 2402 1044 2452 itai

108 2474 176 2526 bent
199 2474 239 2537 (A.
257 2478 289 2533 6,
306 2467 394 2530 724.);
418 2469 557 2536 Principio
576 2470 685 2522 coelum
701 2486 734 2520 ac
750 2478 840 2522 terras
858 2469 1043 2538 camposquel

107 2551 148 2595 tes
165 2540 376 2605 Lucentemque
400 2537 516 2605 globum
540 2538 635 2604 lunae,
658 2538 824 2609 Titaniaque
849 2549 926 2594 astra
942 2540 1044 2609 Spiritus

107 2613 165 2665 alit.
206 2610 286 2678 Quod
309 2608 351 2658 ibi
374 2607 511 2658 Anchisen
533 2608 601 2659 facit
622 2607 825 2675 disputantem,
854 2611 930 2678 quod
955 2608 999 2663 hic
1018 2605 1044 2657 st]

107 2683 208 2741 deum3
224 2696 281 2730 non
299 2677 352 2728 nisi
369 2677 442 2744 quod
460 2680 543 2742 poeta
559 2676 665 2727 Ennius
678 2677 816 2729 Anchisen
833 2678 960 2746 augurii,
974 2694 1005 2729 ac
1018 2693 1044 2743 pr

108 2751 193 2804 divini
210 2749 357 2817 quiddam,
381 2743 509 2797 habuisse
526 2746 692 2812 praesumit:
716 2745 759 2798 Sic
776 2748 875 2798 doctus
892 2744 1044 2807 Anchises,

109 2837 194 2889 quem
225 2819 341 2888 pulchra
373 2814 490 2866 dearum
520 2814 585 2867 Fari
615 2813 725 2865 donavit
752 2816 877 2867 divinum
907 2825 999 2885 pectus
1022 2813 1045 2866 lu

108 2890 225 2941 Naevius
243 2887 309 2938 belli
325 2885 421 2936 Pmrici
438 2885 484 2936 lib.
501 2884 546 2934 Ill.
565 2883 617 2934 sic:
641 2884 789 2951 Postquam
813 2902 895 2936 avem
918 2885 1014 2957 aspexit
1029 2889 1045 2931 ta

108 2958 254 3019 Anchises,
277 2972 356 3007 sacra
371 2954 511 3005 immense
526 2953 672 3019 penatium
689 2954 786 3005 ordino
802 2963 959 3024 ponimtur,
980 2954 1045 3005 imm

107 3041 225 3078 auream
247 3025 388 3077 victimam
412 3022 567 3092 pulchram.
601 3021 730 3090 Virgilius
746 3023 799 3073 sic:
824 3024 861 3073 Et
884 3024 909 3074 si
931 3025 1045 3093 pietatet

109 3111 188 3157 mur,
213 3094 245 3144 da
264 3095 363 3144 deinde
380 3091 528 3159 augurium
546 3097 640 3159 pater,
664 3099 745 3158 atque
762 3092 833 3143 haec
851 3094 947 3146 onmia
962 3092 1037 3143 firma.

110 3164 187 3215 enim
204 3163 326 3232 petiisset
342 3162 449 3222 omnia,
466 3176 610 3226 nunquam
627 3160 787 3211 confirmari
805 3168 933 3229 optasset.
965 3159 1046 3211 Delia

109 3232 186 3284 stella
203 3232 256 3281 ait:
274 3234 401 3281 Vestrum
418 3231 471 3281 lroc
487 3228 638 3296 augurium
651 3236 702 3279 otc.
737 3231 813 3281 ldcur
830 3231 924 3298 virgil.
935 3230 963 3281 iu
976 3228 1046 3281 lttta

109 3301 158 3351 ulii
183 3302 308 3368 primum
332 3300 455 3361 ltaliam,
476 3314 531 3365 quo
554 3297 688 3365 auspicati
710 3307 788 3365 suut,
811 3316 844 3350 ac
867 3295 1039 3367 templumiu

109 3370 267 3429 utinen-sn,
283 3370 427 3419 conditum
446 3368 480 3417 ab
499 3367 648 3417 Idomeneo
666 3374 696 3418 et
706 3367 863 3419 salentinis.
897 3370 940 3419 De
957 3384 1006 3436 qua
1018 3378 1041 3414 rt

109 3438 195 3490 tradit
211 3438 314 3500 Varro,
336 3438 383 3505 qui
404 3437 454 3503 (sic
471 3436 651 3503 lllenippeus,
676 3451 733 3486 non
756 3454 773 3487 a
797 3438 948 3505 magistro,
969 3435 1032 3487 cuin

108 3507 191 3574 longe
210 3514 411 3573 praecesserat,
427 3505 600 3567 nominatus,
621 3504 671 3556 sed
693 3523 709 3556 a
732 3506 863 3558 societate
888 3505 1002 3574 ingenii,
1019 3514 1046 3567 qt

109 3593 219 3646 quoquc
235 3575 387 3642 omnigeno
404 3574 529 3625 camnine
551 3573 649 3624 satiras
667 3591 727 3625 siras
746 3577 921 3641 expolivcrat)
943 3568 1047 3625 intortio

107 3662 172 3697 rum
191 3647 383 3695 Humanarum
400 3646 500 3693 refert:
525 3642 621 3693 Gentis
637 3641 793 3695 Salentinae
818 3661 924 3695 nomon
940 3642 1042 3694 tribuae

108 3716 196 3767 fertur
214 3714 353 3773 coaluisse,
369 3730 385 3763 o
402 3714 494 3775 Creta,
511 3711 729 3777 llly1·ico,ltalie.
764 3714 931 3765 Idomeneus
947 3732 964 3764 e
980 3712 1044 3761 cna

107 3785 172 3851 pido
196 3783 291 3849 Lyctio
316 3782 424 3848 pulsus,
453 3798 503 3848 per
527 3779 706 3845 seditionem,
737 3780 810 3835 bello
837 3782 1047 3847 tranensium„

109 3854 207 3918 grandi
234 3867 318 3903 mauu
345 3851 380 3902 ad
402 3866 501 3917 regem
526 3849 663 3900 Clinicum
689 3852 775 3915 verrit,
804 3852 840 3902 ad
866 3852 1012 3921 lllyriorum
1033 3858 1046 3891 t

107 3920 177 3973 item
194 3930 308 3991 accepta
324 3935 411 3969 manu
427 3935 493 3969 cnm
512 3917 696 3969 Locrensibus
719 3920 860 3988 plerisque
884 3918 1001 3987 profugia
1014 3914 1035 3965 in

109 3992 286 4053 coniunctus,
303 3988 481 4055 amicitiaque
499 4003 549 4054 per
566 3987 687 4039 similem
705 4006 816 4041 calisam
833 3988 957 4047 sociatis,
972 3986 1048 4035 Locrtt

108 4060 195 4127 pulit,
219 4066 333 4117 vacuata
349 4074 384 4113 eo
402 4064 481 4110 metu
499 4053 584 4121 urbe,
607 4056 701 4127 ibique
718 4058 840 4126 possedit
854 4060 960 4129 aliquot
975 4047 1048 4123 oppid!

731 4162 738 4191 l
