2288 4514
314 275 532 357 annau.
555 241 724 343 rincot.=
968 280 1034 347 aaa

57 481 70 517 a
87 482 202 520 versum
218 464 384 530 attenuavit,
400 481 456 535 quo
467 464 570 518 rustico
583 462 675 516 sensui
687 477 803 516 carmen
813 462 903 534 aptius
916 463 1035 522 lecit-
1116 500 1119 515 .

57 534 121 593 ilius
139 540 236 589 autem
263 544 294 586 ut
310 534 441 586 Bucolica
457 534 607 600 scriberet,
629 548 742 585 causam
768 534 904 586 eiusmodi
921 535 1036 592 'habuit
1082 589 1088 603 ‚

57 602 127 657 taius
144 604 292 657 Octaviam
308 604 441 656 Sororem
458 605 572 671 Augusti
589 618 704 654 uxorem
720 603 860 669 habebat,
882 612 911 655 et
926 606 1038 675 provin-

57 675 205 730 aesortitun
227 684 269 728 est
284 677 454 745 Aegyptum
477 673 527 728 ubi
550 689 615 724 cum
633 673 811 742 Cleopatram
835 674 991 729 adamasset
1006 683 1037 729 et
1099 714 1102 737 ,

57 756 111 797 tem
128 745 256 810 dixisset,
277 743 394 814 repudio
413 742 544 795 Octaviae
561 742 641 806 dato,
661 750 693 803 et
708 750 835 809 speraret
859 741 894 795 de
911 745 1034 813 imperio

57 814 180 867 andriae
205 812 412 881 constituendo,
434 812 520 864 hostis
543 811 669 879 publicus
692 812 844 882 appellatus
860 820 910 865 est.
944 815 1036 883 Quem
1091 838 1096 853 ·

57 892 157 935 acutus
178 884 332 951 Augustus,
358 881 511 935 exercitum
538 881 569 933 in
593 881 732 932 orientem
754 880 886 951 ducebat,
915 900 1036 953 eumque

57 966 77 1003 u
95 953 236 1022 superavit
258 951 333 1022 apud
349 952 493 1003 Actiacum
510 950 674 1021 Apollinem.
707 950 803 1003 Italiae
826 950 897 1020 ergo'
919 952 1036 1006 civitati-
1093 952 1097 961 “

72 1020 184 1076 diversas
201 1028 295 1090 partes
310 1018 496 1088 sequentibus,
512 1021 716 1071 Cremonenses
733 1027 762 1072 et
777 1019 924 1076 Mantuani
944 1023 1039 1076 neutri

57 1091 220 1152 tauriliati3
250 1089 298 1142 sed
321 1090 376 1142 hoe
398 1091 535 1158 Augustus
558 1088 730 1156 indignatus,
754 1089 892 1141 veteranis
915 1108 1037 1162 quorum

57 1174 117 1213 tram
132 1161 164 1213 in
180 1159 255 1212 bello
271 1159 423 1224 habuerat,
447 1175 530 1226 agros
548 1157 781 1209 Cremonensium
798 1157 883 1211 dividi
898 1162 990 1229 iussit,
1008 1168 1040 1216 et

57 1242 96 1283 toa
117 1229 305 1295 suffecissent,
324 1229 492 1282 Mantuanos
514 1227 635 1295 adiungi.
669 1226 749 1281 Unde
772 1228 892 1296 iactum,
916 1233 958 1283 uti
974 1233 1037 1284 Vir-

57 1312 84 1351 ar
104 1304 217 1369 quoque
240 1313 322 1366 agros
345 1297 502 1362 amitteret,
523 1312 592 1365 quos
618 1296 759 1363 sexaginta
781 1300 905 1351 veterani
920 1300 1038 1370 accipe-

57 1373 83 1423 t..
101 1368 156 1422 sea
177 1367 332 1420 insinuatus
348 1368 470 1432 Augusto
494 1384 545 1436 per
562 1365 647 1419 Corn.
664 1365 793 1445 Gallum,
817 1369 1038 1438 condiscipulum

57 1452 98 1505 ur,
111 1436 286 1509 promeruit,
309 1443 341 1487 ut
357 1451 440 1504 agros
456 1451 519 1486 suos
535 1434 683 1503 reciperet.
719 1436 756 1486 Et
773 1450 806 1487 eo
816 1436 897 1490 *facto
916 1441 1039 1493 concita-

57 1514 80 1561 rt
101 1507 132 1561 in
161 1525 192 1560 se
217 1519 361 1559 veteranos
384 1505 454 1557 adeo
474 1512 517 1555 art
547 1521 564 1556 a
586 1504 704 1555 Milieno
728 1504 840 1556 Torone
870 1509 1039 1580 primipilari

57 1594 91 1631 ue
104 1576 139 1629 sit
153 1577 333 1640 interfectus,
354 1573 408 1626 nisi
424 1573 554 1640 fugisset,
578 1581 610 1623 ut
627 1580 797 1624 contestatur
818 1574 892 1644 ipse,
916 1596 982 1630 cum
999 1578 1040 1631 ait

63 1651 92 1713 9,
108 1646 178 1712 14.):
195 1644 277 1714 Quod
291 1642 346 1695 nisi
361 1660 409 1695 me
426 1649 604 1711 quascunque
621 1657 706 1693 novas
722 1658 891 1712 componere
906 1647 968 1700 lites
986 1657 1038 1700 etc.

57 1717 110 1769 tia·
131 1730 201 1784 ergo
232 1729 318 1782 agens
340 1714 478 1781 Augiuto,
506 1709 580 1779 quod
609 1710 761 1778 recepisset
782 1725 879 1782 agros,
908 1712 1060 1771 Bucolica'

57 1785 121 1857 psit,
142 1785 192 1839 sed
214 1800 273 1835 non
297 1782 398 1834 eodem
421 1781 518 1833 ordine
542 1778 642 1845 edidit,
668 1796 724 1847 quo
742 1780 859 1848 scri-psit,
894 1785 944 1836 Est
960 1788 1038 1839 enim

57 1870 97 1931 ga
118 1870 176 1924 qua
199 1860 308 1922 ereptos
330 1851 384 1903 sibi
407 1867 489 1919 agros
512 1849 653 1917 queritur,
679 1849 719 1899 sic
740 1849 907 1905 inchoansz-
923 1854 1038 1923 Quota

57 1924 192 1993 tripedes
207 1930 260 1976 ete.
293 1920 330 1970 Et
348 1937 381 1973 ea
397 1920 486 1990 posita
503 1927 544 1970 est
559 1921 589 1969 iri
606 1918 712 1969 ultimo.
746 1921 781 1970 At
797 1922 876 1987 prius
889 1924 969 1990 queri
985 1926 1040 1978 fnit

57 2010 148 2060 mum,
173 1993 240 2045 dein
262 1990 359 2041 testari
382 1988 556 2041 beneficium.
606 1987 682 2056 Ergo
707 1990 845 2058 praeponi
867 1991 916 2044 illa
940 1994 1039 2062 ecloga

57 2072 150 2128 aeret,
172 2070 202 2116 et
223 2059 262 2111 sic
285 2059 356 2112 haec
379 2058 522 2121 substitui,
545 2074 600 2125 qua
624 2057 728 2125 gratias
750 2059 816 2128 agit.
857 2059 911 2112 Sed
928 2064 1039 2132 Virgilii
1066 2088 1070 2105 ·

57 2132 216 2191 iliumhoo'
234 2128 302 2194 tuit,
324 2146 361 2180 ne
378 2128 535 2180 offenderet
556 2127 773 2195 imperatorem,
795 2128 872 2181 cuius
889 2134 983 2184 seculo
1005 2135 1038 2187 li-

57 2218 81 2255 n
95 2201 249 2271 legendum
267 2198 434 2265 praebebat,
451 2195 550 2248 maluit
565 2196 669 2247 instare
685 2197 852 2249 testimonio.
887 2202 960 2253 Nam
977 2203 1039 2275 ipsa

57 2279 168 2343 ga‘eet,
189 2285 261 2338 quae
279 2267 314 2321 de
330 2268 441 2320 Damno
456 2267 561 2329 refert,
582 2281 635 2317 nec
652 2265 682 2316 in
701 2266 798 2317 ultimo
816 2268 906 2338 posita
923 2280 976 2336 est,
999 2293 1037 2326 ne
1059 2300 1062 2307 ·

57 2342 101 2395 ric
122 2338 270 2407 insigniter
292 2338 440 2406 legeretur.
490 2335 657 2401 Plerumque
690 2336 766 2387 enim
789 2353 860 2403 quae
889 2341 919 2391 in
942 2342 1038 2395 medio

57 2418 139 2465 intur
161 2409 237 2461 iuter
258 2409 351 2477 prima
368 2407 538 2460 delitescunt.
572 2404 633 2471 Qua
657 2406 883 2473 pronuntiatione
909 2426 1037 2479 quaeque

57 2498 94 2553 ga
117 2479 177 2549 legi
199 2476 313 2543 debeat,
336 2475 375 2526 sic
400 2473 590 2535 ordinabitur,
616 2474 750 2541 quoniam
774 2475 804 2526 in
821 2476 900 2546 ipsis,
924 2480 1037 2549 siquae

57 2550 135 2604 anda
158 2554 251 2619 putat,
273 2544 407 2598 carminis
423 2544 490 2596 facit
506 2542 694 2607 mentionem,
719 2543 742 2595 si
765 2561 823 2599 non
840 2554 934 2615 putat,
957 2551 1039 2602 huius

57 2620 114 2673 a'no
131 2615 254 2673 nominis
269 2632 326 2667 non
343 2612 480 2666 meminit.
514 2613 579 2663 ldeo
597 2612 661 2679 quia
678 2613 797 2665 secunda
816 2616 912 2684 ecloga
924 2626 1038 2671 cantan-

57 2696 129 2755 erat,
152 2689 193 2740 ait
215 2685 245 2736 in
269 2683 421 2753 principio:
446 2682 472 2733 Ο
489 2678 608 2732 crudelis
624 2682 717 2744 Alexi,
741 2683 811 2734 nihil
827 2700 892 2736 mea
909 2689 1038 2741 carmina

57 2776 86 2813 ra.
123 2754 257 2811 In.tertia
273 2768 414 2822 usquequo
432 2752 569 2803 cantanda
587 2766 644 2801 non
667 2751 735 2815 fuit,
758 2754 917 2820 praemisit;
941 2766 971 2808 at
988 2757 1038 2809 ubi

57 2827 169 2881 andum
192 2823 262 2877 erit:
283 2824 324 2875 Ab
342 2825 406 2874 Iove
423 2829 475 2873 etc.
509 2822 545 2871 Et
566 2819 596 2871 in
619 2819 734 2887 reliquis
756 2822 859 2890 eclogis
882 2825 935 2875 hoc
959 2827 1038 2879 idem

57 2917 60 2947 :
82 2895 315 2949 animadvertere.
356 2892 430 2944 Nam
453 2889 593 2956 Georgica
616 2889 756 2957 quomodo
780 2893 1038 2964 pronuntiarentur,
1089 2928 1095 2939 ι

57 2984 91 3031 ru
113 2962 234 3017 ostendit
255 2961 388 3014 dicendo:
413 2960 485 3010 Hinc
509 2975 610 3011 canere
635 2958 776 3028 incipiam.
818 2962 890 3012 Item
906 2965 1038 3032 Aeneida,

57 3036 133 3090 niam
147 3034 284 3105 plasmate
301 3031 358 3099 legi
375 3029 498 3093 volebat,
515 3027 565 3080 ait:
587 3030 673 3080 Arma
688 3028 765 3096 vinq.
782 3046 861 3082 cano.
879 3063 912 3072 -
948 3033 1039 3102 Tityri

57 3102 176 3160 leliboei
192 3117 323 3171 personas
340 3101 375 3152 de
389 3096 539 3151 Theocrito
556 3097 661 3148 sumsit.
694 3095 746 3149 Sed
762 3107 860 3151 tamen
876 3102 948 3153 ratio
965 3102 1037 3157 haec

57 3176 147 3229 tinum
158 3180 212 3225 est.
241 3170 341 3221 Hircus
356 3169 447 3237 libyca
462 3167 558 3231 lingua
571 3167 680 3235 Tityrus
693 3168 862 3236 appellatum
881 3171 1038 3226 Meliboeus

57 3263 109 3299 ece
131 3243 219 3295 boum
241 3238 366 3307 diligens.
407 3235 598 3304 Congruentia
622 3234 708 3300 igitur
733 3238 888 3302 pastoribus
911 3243 1037 3294 nomina.

57 3322 126 3366 ntus
140 3311 214 3364 liber
230 3325 282 3376 per
297 3306 462 3376 allegoriam
478 3305 658 3372 intelligitur;
681 3306 748 3357 facit
771 3307 847 3358 enim
868 3326 897 3360 se
915 3326 974 3362 esse
990 3313 1040 3363 Ti-

57 3400 108 3449 m,
131 3388 161 3435 et
174 3378 348 3431 Meliboeam
370 3377 456 3429 Corn.
473 3373 600 3438 Gallum,
624 3373 672 3441 qui
693 3375 863 3442 admiretur,
888 3380 962 3445 qnod
979 3382 1039 3432 Vir·

57 3470 80 3507 ra
104 3451 178 3503 solus
201 3463 282 3517 agros
304 3446 460 3498 retinuerit.
494 3444 552 3494 Nec
570 3442 744 3508 mirandum,
769 3446 842 3513 quod
859 3447 933 3501 inira
950 3466 979 3501 se
996 3460 1039 3501 se·

57 3538 67 3575 ι
82 3521 168 3584 dicit,
191 3535 258 3569 cum
274 3523 383 3568 certum
399 3515 448 3577 sit,
473 3529 554 3574 eum,
576 3523 607 3564 ut
622 3515 653 3564 A.
670 3514 806 3566 Pedianus
822 3516 903 3584 dicit,
919 3516 1038 3570 XXVIII.

57 3608 89 3643 os
112 3597 211 3642 natum
227 3585 356 3638 Bucolica
373 3584 497 3636 edidisse.
531 3584 606 3634 Nam
629 3584 728 3634 eadem
751 3584 864 3637 licentia
887 3602 984 3638 senem
1007 3606 1039 3641 se

57 3668 78 3733 t,
101 3675 169 3711 cum
186 3657 222 3708 sit
236 3655 357 3720 iuvenis,
379 3670 435 3722 qua
451 3661 592 3721 pastorem
608 3668 638 3704 se
660 3653 741 3720 fecit,
764 3670 830 3705 cum
847 3655 884 3705 sit
899 3654 1038 3720 urbanum
1083 3666 1091 3680 “

69 3719 204 3797 Tityrum
225 3724 367 3790 nominat,
388 3740 454 3775 curn
476 3723 513 3773 sit
529 3722 666 3790 Virgilius.
684 3751 718 3761 —
754 3723 845 3776 Omne
868 3740 983 3775 carmen
1008 3727 1040 3778 in
1075 3738 1078 3743 '

71 3806 228 3851 caracteres
244 3793 372 3846 dividitur
381 3811 393 3844 :-
409 3792 615 3854 maniaticum,
640 3792 670 3842 in
694 3808 749 3860 quo
772 3810 906 3862 personae
924 3801 1039 3847 ,tantum
1093 3816 1101 3829 ¹

57 3876 168 3929 mutum
181 3863 419 3931 exegematicpm,
435 3864 467 3916 iu
484 3877 539 3929 quo
557 3862 628 3912 solus
644 3865 742 3928 poeta3
759 3862 893 3927 mixtum,
910 3862 959 3913 ubi
975 3880 1039 3933 pro·

57 3954 109 3991 oua
126 3943 155 3989 et
170 3938 253 4004 poe'ta
269 3934 298 3986 at'
312 3947 441 4001 persona.
473 3931 609 3983 Omnium
632 3931 789 3998 specierum
805 3931 914 3998 eclogas
938 3931 968 3985 in
985 3932 1041 3984 Bu·

57 4010 98 4059 cis
119 4003 219 4075 potuit.
260 4001 456 4066 Dramaticon,
479 4000 533 4053 erit
555 4000 662 4068 prima:
685 4000 795 4067 Tityre3
819 4000 1038 4070 exegematicon:
1123 4014 1137 4067 χ

57 4074 131 4151 litiga
146 4074 260 4141 Musae,
276 4072 397 4127 mixtum
412 4072 482 4128 erit:
499 4069 594 4125 Prima
608 4069 752 4140 Syracinio
768 4077 822 4122 etc.
