2288 4514
9 970 14 985 .
58 941 157 989 ninas·
185 937 240 990 divi

9 988 18 1029 ξ
57 1023 84 1058 eo
103 979 182 1074 quiid
204 1013 289 1072 caput
311 1018 379 1054 auro
403 1003 552 1052 discernar.
577 1029 610 1038 —
655 1007 714 1059 146.
738 1002 901 1067 Succedere;
928 1011 958 1056 ut
981 1006 1080 1071 (103.):

9 1074 13 1083 '
57 1075 171 1126 Tumuld
199 1077 303 1125 sineret
328 1073 471 1120 succedere
493 1073 602 1138 terrae]
621 1097 652 1113 -μ
698 1075 756 1127 147.
775 1071 924 1136 Ιηοιάιιηι;
949 1073 1080 1142 implent:

9 1176 17 1189 .
56 1153 83 1194 ut
98 1148 157 1209 (10,
174 1146 263 1201 895.):
281 1140 408 1199 Clamore
427 1141 580 1188 incendunt
595 1139 698 1190 coelum
716 1139 854 1206 Troesque
868 1140 1028 1209 Latinique.
1046 1165 1081 1178 ··

10 1208 12 1213 ’
57 1219 112 1269 148.
138 1211 190 1262 Vis
216 1212 293 1274 ulla;
318 1225 368 1259 nec
392 1207 487 1259 aetatis
504 1208 690 1271 imbecillitas,
714 1226 764 1259 nec
789 1211 917 1262 severitas
940 1212 1025 1278 regia.
1045 1235 1080 1251 ···

10 1306 14 1325 .
57 1286 110 1338 149.
127 1279 242 1332 Feretro
257 1278 383 1328 Pallante
402 1289 507 1341 reposto
515 1300 524 1339 ,·
542 1276 560 1327 i.
573 1294 596 1326 e.
614 1276 700 1343 posito
719 1277 845 1328 Pallantis
861 1280 973 1332 feretro.
1006 1280 1081 1332 Nam
1117 1280 1121 1287 “

150 271 185 334 iu
210 266 373 332 VIRGIL.
395 264 743 342 amatunam,
766 269 961 338 143-160.
1040 272 1082 337 13

63 456 153 510 familia
176 455 317 508 funestata
340 451 382 504 sit.
414 453 499 520 Ergo
523 450 569 504 hic
592 453 693 505 merito
717 452 844 505 Pallantis
867 453 949 507 tunsa
975 450 1082 506 facibus

62 527 221 591 celebratur,
246 531 277 574 ut
300 522 356 574 filii.
390 521 443 572 alii
465 522 535 572 sicut
551 523 638 573 Varro
662 528 691 573 et
707 524 818 574 Verrius
840 523 951 576 Flaccus
974 522 1082 574 dicunt:

61 596 163 650 titilius
180 592 302 645 familias
325 596 402 643 eittra
419 590 523 641 Urbem
541 590 669 655 decessit,
692 589 786 642 liberti
808 592 945 659 amicique
972 591 1082 644 obviam
1120 655 1123 660 .

59 665 218 733 procedunt,
243 670 270 714 et
286 660 336 712 sub
354 667 464 710 noctem
481 660 509 709 in
527 660 627 710 urbem
644 659 762 709 infertur
785 660 814 711 in
833 665 917 722 (cum)
934 660 1021 714 cereis
1037 663 1080 712 fa-

59 733 139 796 cibus,
162 729 318 799 [quoniam]
337 727 557 796 praelucentibus
563 768 571 792 ,
594 727 629 778 ad
646 727 722 776 cuius
740 729 877 796 exsequias
899 746 983 780 nemo
1000 744 1081 795 roga-

59 800 137 852 batur.
175 801 247 852 Sane
265 799 333 850 baec
352 811 469 862 corpora
492 796 546 847 aive
564 796 663 864 proiici
679 796 846 848 iubebantur
866 805 894 850 et
911 815 927 849 a
945 799 1080 864 cadendo,

57 871 102 921 sire
125 870 202 936 quod
218 867 359 920 seruitura
385 866 529 929 carebant,
554 865 690 914 cadavera
714 864 805 929 dicta]
822 892 856 903 -
891 871 951 923 144.
969 866 1081 918 Discri-

241 887 288 987 riis
327 934 403 984 Unde
421 941 451 983 et
467 933 615 984 discrimen
632 933 728 1002 capitis
742 928 887 986 'muliebris
905 936 1020 1000 dicitur,
1037 938 1080 1004 [ex

56 1348 198 1415 antiptosis
216 1356 264 1400 est„
283 1374 317 1384 —
354 1351 413 1403 152.
431 1343 497 1394 Non
515 1345 581 1394 haec
599 1353 664 1404 etc.;
687 1346 784 1414 duplex
803 1348 932 1415 expositio
955 1355 1009 1400 eat:
1032 1357 1081 1401 aut

49 1418 124 1469 'anm
140 1418 197 1469 hoc
215 1416 294 1467 dicit:
319 1413 381 1465 Non
398 1413 466 1463 mihi
483 1412 548 1465 talia
573 1413 767 1481 promittebas,
790 1423 820 1465 ut
837 1416 994 1480 crederem,
1017 1433 1082 1469 cau·

56 1488 104 1537 fias
124 1493 153 1536 te
175 1486 389 1543 dimicaturum
419 1490 449 1531 ut
477 1482 662 1548 intelligamus
687 1481 906 1549 proficiscentem
930 1485 1081 1539 Pallantem

56 1555 208 1624 promisisse
225 1553 299 1622 patri
316 1551 473 1615 victoriam,
487 1550 603 1602 caedem
619 1551 746 1617 hostium,
764 1553 882 1619 plurima
898 1554 992 1622 spolia.
1026 1554 1081 1624 Qui

57 1625 126 1674 enim
142 1624 215 1674 haec
233 1621 350 1689 cogitat,
374 1620 496 1671 cautelae
512 1619 694 1685 obliviscitur,
718 1621 843 1673 aviditate
866 1622 1007 1674 vincendi:
1033 1633 1081 1676 aut

57 1701 125 1744 certe
143 1709 219 1756 non,
235 1706 287 1760 pro
306 1705 400 1754 nempe
418 1689 599 1754 accipiamus,
622 1695 652 1737 ut
669 1689 697 1738 in
716 1689 845 1741 Terentio
863 1692 987 1758 (adelph.
1005 1696 1038 1757 4,
1055 1701 1081 1760 2,

58 1761 123 1822 21.):
140 1759 209 1811 Non
227 1773 257 1808 tu
275 1757 351 1806 hunc
368 1756 412 1822 (al.
429 1757 502 1819 eum)
522 1775 570 1808 rus
588 1759 711 1823 produce
729 1770 752 1807 te
770 1759 868 1809 aiebas
884 1761 926 1826 (al.
947 1777 996 1811 rus
1013 1759 1081 1812 binc

60 1831 132 1880 modo
151 1847 193 1896 pr.
212 1845 254 1892 a.;
272 1825 306 1876 R.
324 1826 465 1892 prodisse,
482 1827 542 1876 Vos.
558 1827 697 1890 prodiisse
716 1829 807 1894 ageli„
832 1827 901 1879 Dan.
919 1827 999 1880 Fabr.
1015 1848 1080 1896 pro·

60 1898 170 1959 desisse
188 1909 211 1947 te
231 1898 284 1958 ai.;
303 1894 392 1948 (duell.
409 1896 429 1945 l.
443 1895 473 1944 ll.
492 1897 659 1959 produxisse
678 1897 753 1962 ugeb.
773 1912 793 1946 s.
811 1895 912 1958 oieb.)?
929 1896 946 1947 i.
961 1915 985 1948 e.
1001 1899 1081 1965 [nom
1128 1948 1131 1956 ,

58 1965 113 2031 ne,]
129 1983 250 2033 nempe;
274 1971 305 2014 ut
320 1978 394 2013 nunc
412 1963 447 2014 sit
462 1980 569 2014 sensus:
591 1964 697 2034 Nempe
712 1964 782 2033 mihi
800 1964 868 2016 haec
886 1964 1000 2017 dederas
1017 1982 1081 2037 pro·

59 2035 134 2087 missa
147 2035 300 2103 discedens,
316 2031 382 2099 quia
399 2031 503 2083 cantius
520 2034 611 2082 fueras
623 2032 819 2100 dimicaturum
831 2034 887 2100 [alii
900 2050 956 2085 non
969 2025 1084 2100 parenti

58 2105 99 2156 sed
113 2106 219 2170 petenti
237 2104 341 2167 legunt,
358 2106 460 2150 utnon
476 2100 536 2151 iure
553 2101 703 2152 affectionis
721 2118 805 2169 quam
821 2103 891 2153 filius
909 2104 980 2171 patri
998 2103 1081 2158 debe·

59 2173 116 2238 bat,
140 2171 190 2225 aed
208 2168 387 2223 humanitatis
410 2176 474 2219 eum
498 2169 643 2221 convenire
661 2171 791 2222 videatur.
826 2169 939 2223 Petentix
955 2173 1039 2240 mihi,
1063 2190 1080 2224 ο

59 2241 139 2306 Palla,
161 2241 250 2293 fidem
273 2237 387 2290 dederas
409 2243 437 2288 te
460 2238 564 2289 cautius
588 2254 672 2306 quam
696 2238 792 2289 lortius
815 2239 1024 2304 dimicaturum,
1053 2250 1082 2295 et

59 2311 208 2374 affirmant,
231 2310 254 2360 si
277 2306 388 2375 parenti
403 2305 551 2372 legendum
568 2315 652 2369 esset,
668 2308 786 2375 potuisse
803 2307 870 2359 dici:
895 2308 960 2358 Non
977 2309 1044 2360 haec
1063 2329 1078 2362 o

55 2370 241 2445 fili'dederas
264 2378 405 2446 prpmissa
429 2370 547 2440 parenti.
592 2376 644 2425 Alii
666 2377 735 2427 haec
758 2371 827 2428 nurui
851 2370 883 2428 eri
908 2374 1080 2448 σιωπώμενον

59 2448 122 2500 dicta
147 2447 237 2517 accipi
260 2441 371 2508 volunt]
389 2467 424 2483 -
459 2447 518 2500 154.
544 2443 578 2491 In
602 2449 691 2494 armis
697 2469 706 2508 ,·
731 2445 803 2514 apud
827 2456 981 2515 armatum,
1005 2449 1082 2500 cuius

59 2517 197 2568 consilium
214 2514 315 2586 cupido
339 2509 467 2562 victoriae
508 2512 651 2583 lerumque
675 2513 828 2570 conturbat.
845 2541 878 2553 -·
913 2522 972 2575 155.
989 2515 1081 2586 [Prae-

60 2587 130 2637 dulce
157 2587 260 2648 decus3
284 2589 331 2634 aut
353 2579 430 2631 valde
446 2531 545 2644 ultrice,
569 2589 616 2631 aut
640 2584 715 2649 quasi
739 2583 927 2635 immaturum.
944 2613 977 2623 -
1021 2592 1081 2644 156.

59 2652 216 2715 Primitiae,
239 2651 411 2713 rudimenta,
435 2649 513 2714 quasi
538 2649 825 2716 Troiani.‘Bellique
849 2654 1002 2721 propinqui
1009 2670 1017 2715 ς
1039 2655 1093 2706 vel·

58 2725 123 2790 quod
147 2732 214 2774 ante
240 2728 382 2772 maturam
404 2724 524 2769 aetatem
548 2719 676 2771 Pallantis
699 2722 818 2782 venerit,
848 2731 896 2772 aut
919 2723 1081 2789 propinqui,

58 2791 170 2844 nimirem
187 2788 285 2852 sicini,
310 2801 363 2854 quo
381 2785 467 2836 Pallas
483 2787 554 2838 mitti
567 2796 668 2857 posset.
703 2789 773 2839 Sane
796 2789 849 2839 hoc
872 2788 976 2842 ballum
994 2792 1080 2842 Anta-

60 2862 126 2910 rium
148 2859 243 2911 vocari
265 2858 390 2918 solitum,
412 2853 485 2922 quod
508 2856 543 2906 sit
565 2864 629 2908 ante
646 2857 750 2908 Urbem
775 2857 851 2924 quasi
874 2866 937 2909 ante
955 2863 1030 2912 Aras.
1045 2887 1081 2899 -

58 2935 110 2988 157.
128 2929 231 2990 Dura;
255 2926 357 2977 misera
380 2930 408 2974 et
427 2922 567 2990 infelicia]
584 2951 617 2992 3-
653 2932 712 2983 158.
734 2926 802 2978 Vota
819 2943 965 2993 precesque
989 2945 1081 2995 mene,-

56 3011 130 3068 aupra
148 2997 232 3063 (50.):
254 2994 325 3047 Fors
344 3004 370 3043 et
386 3004 449 3043 voto
466 2993 551 3060 facit.
585 2993 694 3062 [Tuque
719 3013 733 3045 o
758 2997 939 3046 sanctissimo
959 3000 1080 3063 conium

57 3081 180 3118 sunctum
204 3080 263 3116 non
285 3078 394 3133 semper
416 3075 526 3112 sacrum
542 3080 633 3130 neque
649 3063 809 3130 religiosum
827 3072 881 3128 cst,
904 3073 935 3115 ut
951 3066 1011 3132 hic,
1032 3066 1082 3120 ubi

57 3136 237 3186 sanctissima
260 3132 437 3196 incorruptae
453 3131 582 3182 castitatis
599 3131 749 3197 significat,
773 3132 844 3184 unde
868 3141 896 3185 et
912 3148 1026 3186 sunctae
1045 3136 1081 3187 le-

56 3221 97 3270 ges
121 3203 314 3274 appellantur,
337 3215 408 3267 quae
431 3215 520 3266 neque
543 3208 691 3268 corruptae
715 3208 792 3264 sunt,
819 3219 909 3270 neque
939 3204 1081 3270 corrumpi

11 3328 13 3349 Ι
55 3270 183 3393 smne]
200 3296 235 3308 -
278 3272 337 3326 159.
361 3266 439 3316 Ferre
464 3280 548 3318 morte
573 3279 638 3332 tua3
664 3286 696 3319 ea
720 3278 792 3321 sorte
815 3271 877 3322 felir
900 3288 971 3339 qnae
994 3273 1082 3325 ceteri

71 3337 210 3406 olendum]
245 3339 292 3405 [Et
308 3336 380 3387 bene
396 3343 459 3398 tua,
475 3353 512 3407 ne
529 3343 560 3386 ut
575 3336 633 3404 ipse
649 3335 698 3386 filii
716 3345 806 3403 morte
823 3339 902 3392 fieret
918 3339 1029 3406 infelic]
1046 3368 1081 3379 -—

56 3416 109 3468 160.
133 3407 259 3459 Viventio
278 3407 336 3457 vici
349 3421 412 3454 mea
424 3404 507 3473 futen
533 3403 580 3454 diu
596 3405 719 3456 vivenda«
750 3407 786 3456 Ut
801 3408 830 3459 in
848 3408 982 3459 Bucolicis
999 3410 1038 3472 (E.
1056 3414 1082 3475 9,

56 3480 98 3539 ωε
123 3478 151 3530 Ο
177 3475 288 3543 Lycida
313 3475 373 3525 vivi
396 3475 581 3539 pervenimus.
627 3472 689 3524 Vici
712 3482 805 3527 autem
830 3495 888 3525 men
908 3477 992 3545 fota:
1016 3477 1036 3531 i.
1055 3495 1079 3530 e.

54 3546 208 3599 naturalem
227 3543 352 3595 ordinem
370 3541 423 3594 vita
447 3543 572 3609 longiore
594 3544 731 3609 superavi,
756 3547 802 3612 [an
825 3545 878 3595 hoc
902 3553 1026 3610 tantum,
1049 3553 1082 3596 ut
1136 3594 1142 3603 ,

55 3625 186 3686 superstes
211 3610 377 3665 essemfilio
402 3609 499 3674 meol]
522 3627 643 3673 namque
669 3612 714 3663 hic
732 3614 799 3664 ordo
824 3614 955 3665 naturalis
973 3621 1025 3676 est,
1049 3621 1091 3666 ut·

11 3714 13 3721 ·
55 3684 104 3736 sint
120 3681 283 3754 parentibus
296 3679 453 3746 superstites
471 3677 560 3730 liberi.
594 3679 664 3729 Fata
678 3681 757 3747 [eins]
772 3697 839 3749 ergo
853 3683 994 3749 generalia
1005 3680 1080 3750 dixit,

55 3753 178 3804 referens
200 3766 230 3800 se
252 3750 288 3800 ad
311 3747 466 3799 naturalem
491 3748 633 3819 ordinem,
663 3765 718 3800 non
746 3752 780 3802 ad
810 3752 899 3801 fatum
926 3750 1079 3821 proprium.

56 3821 123 3872 Nam
147 3822 206 3872 lata
229 3832 361 3888 superare
383 3832 465 3867 nemo
491 3815 636 3868 hominum
660 3826 757 3884 potest
791 3819 868 3869 Unde
887 3820 966 3870 multi
983 3820 1021 3870 sic
1038 3818 1078 3871 di·

57 3890 208 3958 stinguunt:
233 3888 338 3938 Contra
363 3899 414 3951 ego
437 3886 550 3937 vivendo
574 3885 625 3936 vici
649 3889 747 3949 vitam,
770 3887 872 3938 scilicet
895 3888 951 3938 filii.
985 3887 1079 3955 [l.‘e.‚

57 3956 197 4024 Superviri.
241 3955 353 4007 Veteres
377 3952 451 4003 enim
475 3955 592 4005 vivendo
617 3957 726 4005 vincere
748 3954 876 4006 dicebant
898 3955 1078 4022 supervivere,

58 4031 85 4075 at
103 4026 152 4093 (G.
169 4035 203 4094 2,
228 4024 313 4086 2952:
344 4021 440 4077 Multa
465 4024 558 4075 virum
582 4024 695 4076 voluens
720 4025 837 4077 vivendo
861 4025 956 4077 secuta
979 4025 1077 4090 vincit,
