2424 4506
32 260 38 268 ‘
110 272 202 337 tta
404 204 544 331 sanun
562 250 926 327 couuaurnmus
967 262 993 299 *-

141 448 302 517 pratedere:
326 447 345 499 i.
362 464 386 499 e.
409 445 571 514 prohibete,
594 451 715 507 servate,
738 460 774 495 ne
791 442 950 513 procedant.
985 438 1024 490 Ut
1039 438 1116 506 (Aen.
1133 441 1170 503 10,
1200 402 1209 487 1

142 518 231 581 532.):
258 516 361 567 Gnatis
385 533 467 585 parce
493 517 559 566 tuis.
584 539 619 551 -
660 518 703 571 96.
730 512 826 578 Tityre
848 511 990 577 pascentis
1015 527 1034 558 a
1052 508 1169 577 flurnim
1211 556 1212 563 ,

143 592 215 638 reice
234 587 373 654 capellam,-
396 585 414 637 i.
432 603 471 650 e.,
494 599 511 633 o
528 584 659 647 Mantua,
683 581 742 632 noli
764 580 847 631 modo
871 581 940 633 velle
962 578 1069 647 aliquid
1092 592 1168 644 agera
1210 626 1212 635 ‚

141 657 176 707 de
199 655 356 724 repetendis
379 654 462 720 agris.
497 652 570 704 Nam
593 651 642 702 ubi
666 658 852 720 opportunum
874 649 975 717 fuerit,
995 647 1057 715 Epo
1082 660 1168 698 currus
1196 648 1207 705 ⁴,

144 727 260 790 lavabo,
281 725 341 776 iae.
365 721 492 793 purgabo
515 737 612 772 ornnes
636 722 710 790 apud
735 720 898 783 Caesarem,
920 734 987 771 curn
1008 720 1045 769 de
1067 716 1167 767 Actiaco
1193 760 1202 797 t

144 794 250 866 praelio
266 808 392 845 reversus
408 791 500 842 tuerit.
535 790 571 840 Et
586 789 660 841 bene
679 791 710 839 in
722 788 820 857 fonte.-
838 787 895 856 ip'se
913 788 990 839 enim
1006 802 1058 856 per
1074 783 1167 837 amicos
1196 802 1199 819 ι

145 862 272 916 Caesaris
290 877 390 930 agrum
414 860 557 911 meruerat
579 858 722 925 recipere,
744 867 877 924 tanquam
901 873 953 925 per
974 854 1077 908 rivulos
1100 866 1167 921 quos·

146 931 226 995 dam,
249 947 322 982 nunc
340 937 436 981 autem
451 928 610 978 Mantuanis
634 926 800 979 heneficium
818 926 885 976 dicit
906 943 936 977 se
953 925 989 977 ab
1014 922 1073 993 ipso
1090 922 1165 993 impe
1202 965 1212 994 ·.

143 1010 238 1053 satore
262 999 436 1050 meriturum.
476 996 560 1046 Reice
584 996 723 1062 capellas3
748 999 818 1046 reice
844 1011 891 1061 ca,
921 991 1167 1062 proceleusmaticus
1209 1055 1212 1062 1

147 1077 188 1123 est
211 1085 263 1135 pro
281 1067 400 1132 dactylo:
426 1074 454 1118 et
476 1067 515 1116 sic
543 1073 583 1117 est
603 1065 710 1135 positus
734 1072 765 1114 ut
787 1066 871 1130 (Aen.
889 1072 1001 1127 5,.132.
1020 1058 1166 1133 11,soa)=

150 1138 249 1189 Genua
269 1139 374 1187 labant.
406 1136 495 1187 item:
514 1137 616 1185 arietat
635 1138 666 1185 in
682 1145 787 1199 portas.
808 1158 839 1169 -
876 1138 919 1190 98.
938 1132 1036 1199 Cogite
1056 1140 1165 1188 caestu
1180 1134 1198 1193 ’,ἰ

147 1208 226 1259 ovilio
251 1206 370 1272 colligite
394 1212 425 1254 ut
447 1205 494 1270 (E.
515 1213 546 1266 3,
564 1204 634 1266 20.):
660 1203 756 1270 Tityre
783 1220 848 1268 coge
864 1219 958 1267 pecus.
993 1197 1166 1265 Praecrporit;
1187 1252 1190 1265 Ι

77 1330 80 1347 ,
124 1280 127 1287 “
165 1273 397 1344 raeoccupaverit.
431 1273 503 1322 Nam
521 1273 646 1324 naturale
663 1279 720 1335 est,
738 1279 768 1322 ut
783 1272 826 1323 lac
845 1278 980 1343 attgeatur
996 1269 1117 1336 frigore,
1132 1279 1165 1315 ut·
1196 1328 1208 1341 Ἴ

146 1295 206 1398 iisse
229 1343 381 1394 minuatur.
398 1366 432 1378 -
475 1347 535 1396 102·
558 1341 612 1391 Vis
637 1343 751 1392 ossibus
775 1340 974 1402 haeream-,vix
997 1353 1059 1388 ossa
1082 1347 1166 1389 eorum.

148 1414 306 1466 cohaerent.
324 1437 357 1448 -·
393 1416 452 1467 103·
472 1409 593 1461 Teucros
613 1412 712 1462 oculus
738 1409 810 1460 mihi
832 1409 961 1476 fascinat
985 1421 1092 1474 agnem
1113 1398 1166 1465 atat

148 1498 261 1534 causam
285 1477 396 1542 maciei,
427 1487 456 1530 et
478 1496 528 1548 per
551 1480 715 1540 transitum,
744 1479 895 1546 pulchrum
918 1495 947 1529 se
970 1491 1056 1545 pecus
1078 1472 1166 1549 habeta

146 1551 297 1618 signifieat,
327 1547 401 1616 quod
424 1545 542 1616 [utique]
565 1549 668 1600 meruit
689 1546 829 1600 fascinari.
853 1574 886 1584 —
935 1553 995 1607 104.
1021 1544 1087 1595 Eris
1109 1538 1185 1603 vaiht¹

149 1636 271 1686 magnus
295 1617 392 1683 Apollo
400 1640 409 1680 ,·
434 1617 531 1666 relicto
555 1618 723 1681 certamine,
755 1617 807 1668 sihi
836 1621 996 1684 proponunt
1019 1613 1167 1687 aenigmata»

13 1686 16 1693 ¹
98 1703 103 1713 ⁸
147 1687 224 1741 Bene
248 1694 344 1740 autem
367 1686 421 1747 ait,
444 1684 480 1735 Et
503 1686 560 1735 eris
585 1685 658 1737 mihi
681 1686 798 1751 Apollo.-
823 1685 888 1753 quia
910 1685 941 1735 in
964 1681 1048 1735 rebus
1072 1682 1167 1732 incute

147 1758 205 1809 sola
223 1772 290 1825 opus
309 1766 349 1807 est
364 1753 539 1807 divinatione.
556 1781 589 1791 -
625 1761 684 1813 ¹105.
706 1755 772 1805 Tris
789 1766 882 1821 pateat
898 1753 971 1805 coeli
986 1752 1109 1817 spatium
1121 1760 1167 1801 not
1198 1800 1203 1809 ,

147 1844 193 1876 am
214 1827 273 1875 lius
292 1825 376 1875 ulnas
383 1845 393 1886 ,-
423 1824 506 1885 ulna,
531 1826 644 1893 proprie
662 1831 703 1876 est
716 1823 838 1892 spatium
862 1823 892 1875 in
910 1828 1049 1891 quantum
1065 1827 1184 1895 utroquo·

150 1844 328 1964 [exiienditur
340 1908 448 1943 marius.
482 1892 562 1943 Dicta
579 1893 646 1946 ulna
666 1887 722 1946 ἆπδ
740 1889 795 1944 τῶν
812 1887 927 1957 oilsvrdv,
944 1892 963 1944 i.
978 1908 1001 1942 e.
1014 1909 1032 1942 a
1049 1887 1167 1955 brachiu}

54 1959 61 1981 ¹
150 1965 224 2015 unde
243 1971 271 2014 et
291 1959 447 2014 uenatum
459 1952 536 2029 ’Ἡρη
554 1961 663 2015 dicitur.
696 1963 777 2014 Licet
793 1960 936 2014 Suetonius
954 1974 1042 2011 unum
1058 1956 1167 2031 cuhittuul
1190 1998 1198 2007 .

150 2031 214 2083 velit
230 2048 287 2083 esse
304 2030 507 2082 tantummodo.
541 2029 612 2084 Sane
634 2032 705 2091 haec
722 2031 845 2100 quaestio
863 2030 939 2082 varia
964 2035 1013 2080 est.
1047 2027 1119 2083 usn
1132 2022 1169 2075 att

90 2108 93 2117 ’
151 2098 259 2164 dicunt,
276 2100 431 2167 significare
448 2114 514 2149 eum
530 2101 687 2168 sepulcrum
704 2100 791 2152 Caelii
807 2099 936 2169 luxuriosi
953 2096 1111 2160 cuiusdam,
1124 2089 1170 2162 quil

150 2168 265 2221 venditis
283 2169 412 2219 omnibus
429 2167 512 2219 rebus
530 2177 558 2220 et
574 2169 759 2238 consumptis,
781 2168 976 2220 tanttunmodo
993 2166 1048 2237 sihi
1064 2162 1172 2233 spaiiuttt

151 2238 313 2302 reservavit,
344 2237 418 2304 qnod
441 2237 567 2306 sepulcro
596 2239 749 2303 sufficeret,
780 2246 808 2289 et
831 2237 944 2288 voluisse
970 2251 1036 2286 eum
1059 2244 1171 2287 errorem

150 2307 243 2359 tacere
260 2321 292 2357 ex
309 2307 379 2357 coeli
396 2315 423 2358 et
441 2305 518 2357 Caeli
541 2305 734 2373 similitudine,
758 2314 788 2356 ut
812 2308 860 2357 sit:
884 2306 936 2356 Dic
960 2303 1048 2368 mihi,
1070 2303 1171 2353 ubinam

150 2373 270 2440 septdtus
293 2383 334 2425 est
358 2375 480 2437 Caelius,
510 2374 587 2425 cuius
617 2376 706 2428 tribus
736 2374 806 2426 uluis
830 2375 988 2426 continetur
1011 2365 1172 2442 sepulcrum?

150 2442 203 2496 Alii
232 2458 296 2494 vero
327 2443 434 2507 volunt,
464 2451 580 2509 puteum
606 2444 770 2512 significari,
802 2443 850 2512 qui
876 2452 918 2494 est
942 2443 972 2493 in
998 2440 1086 2510 Syene
1108 2446 1202 2512 parts.

151 2511 282 2580 Aegypti:
306 2528 391 2580 quem
414 2511 450 2563 ad
473 2511 527 2562 hoc
550 2514 655 2566 nimiae
673 2512 823 2566 altitudinis
848 2511 1004 2580 philosophi
1022 2511 1173 2581 effoderint.

71 2586 75 2593 “
152 2589 183 2630 ut
205 2580 357 2649 probarent
378 2581 471 2632 loevam
496 2581 575 2631 illum
600 2599 658 2635 esse
682 2584 788 2646 solum,
812 2597 897 2650 qumn
920 2588 997 2634 recto
1022 2579 1124 2631 intuitu
1139 2575 1183 2633 sot.

150 2648 305 2701 irradiaret.
339 2650 413 2699 Nam
438 2659 533 2700 octavo
551 2652 663 2703 Calend.
680 2652 729 2703 Iul.
753 2652 811 2715 die,
836 2651 946 2718 qttando
969 2649 1000 2700 in
1024 2657 1120 2701 centro
1136 2659 1174 2698 suo

152 2723 193 2769 est
209 2715 267 2780 sot,
290 2719 394 2770 lumine
411 2734 460 2768 suo
482 2727 541 2769 tam
564 2721 653 2771 imam
670 2736 780 2789 qttoque
802 2720 874 2770 illius
897 2719 988 2788 putei,
1011 2734 1097 2786 quam
1113 2732 1175 2768 sum·

152 2802 228 2837 anam
252 2795 358 2838 terram
380 2787 503 2839 irradiat.
537 2789 600 2856 [Alii
625 2789 868 2858 dicuntolypeum
886 2789 975 2839 Aiacis
998 2789 1087 2839 trium
1110 2787 1177 2838 tultu-

152 2871 230 2918 rum,
254 2855 356 2923 inquo
379 2873 506 2924 expressa
531 2857 602 2909 coeli
624 2860 715 2909 foranu
739 2859 808 2922 fuit,
832 2857 879 2911 alii
903 2873 1018 2924 specum
1042 2857 1072 2908 in
1090 2855 1178 2918 Sicilia,

93 2946 97 2951 ·
152 2938 202 2992 per
227 2925 301 2992 quod
317 2932 402 2993 'rapta
424 2934 465 2976 est
488 2944 505 2977 a
529 2925 595 2978 Dite
616 2927 799 2996 Proserpina,
823 2926 870 2977 alii
895 2927 1033 2979 mundum
1056 2925 1087 2977 iu
1109 2936 1177 2977 sacro
1202 2926 1205 2931 '

153 2992 282 3058 Cereris]
318 2993 370 3045 Sed
395 3003 526 3047 neutrum
543 2994 644 3046 horum
662 2995 790 3047 convenit
812 2994 924 3048 rustico.
961 2994 1039 3047 Unde
1057 2992 1178 3064 simplici·

141 3068 195 3111 ,ter
217 3060 409 3129 intelligendus
433 3072 474 3115 est
496 3063 640 3115 cuiuslibet
663 3064 718 3116 loci
735 3072 848 3134 puteus,
873 3063 904 3116 in
928 3080 1014 3132 quem
1039 3079 1106 3116 cum
1129 3060 1179 3131 quit

71 3168 75 3177 .
152 3129 338 3194 descenderit,
361 3139 470 3183 tantum
488 3134 557 3184 coeli
575 3133 709 3200 conspicit
725 3134 860 3201 spatium,
884 3141 1019 3201 qttantnm
1037 3133 1114 3203 putei
1129 3130 1180 3185 lati

152 3197 219 3247 tudo
236 3201 403 3264 permiserit.
436 3202 577 3267 [Asconius
594 3202 729 3253 Pedianus
747 3203 821 3264 dicit,
837 3220 866 3253 se
884 3202 1033 3269 Virgilium
1050 3203 1179 3256 dicentem

152 3265 274 3330 audisse,
297 3269 327 3319 in
352 3270 405 3320 hoc
428 3270 492 3339 loco¹
506 3287 535 3322 se
554 3271 751 3322 Grammaticis
769 3288 882 3323 crucem
906 3270 1009 3336 fixisse,
1032 3273 1124 3325 volens
1145 3285 1180 3324 es·

151 3334 253 3404 periri,
284 3337 345 3403 quis
375 3353 475 3390 eorum
498 3340 645 3391 studiosior
674 3340 857 3406 inveniretur,
887 3341 981 3391 volens
1010 3341 1130 3408 intelligi
1152 3339 1180 3390 da

154 3403 249 3456 Caelio
266 3405 435 3469 Mantuano,
464 3415 595 3475 utsupra
612 3409 717 3460 dictum
734 3407 793 3473 est]
810 3436 844 3446 —-
881 3415 940 3466 166-
959 3409 1016 3460 Dic
1036 3410 1179 3477 quibusia

142 3476 238 3535 ,terris
261 3475 395 3542 inscripti
419 3478 536 3526 nomino
563 3497 659 3547 regum
683 3478 850 3528 Nascantur
866 3479 974 3546 florem
1001 3480 1070 3546 quia
1086 3481 1180 3530 solvere

153 3557 210 3593 non
228 3543 332 3610 potnit,
356 3544 413 3613 ipse
431 3545 515 3597 aliam
541 3548 637 3600 obiicit
654 3549 861 3614 quaestionem:
886 3557 914 3599 et
939 3549 1061 3614 captiose
1086 3550 1179 3615 quibvs

156 3614 194 3687 in,
205 3613 289 3661 terris
306 3609 379 3663 dixit.
413 3613 580 3681 Hyacinthus
598 3619 673 3668 enim
692 3617 794 3683 ubique
811 3616 948 3679 nascitur,
975 3616 1028 3667 flos
1047 3618 1094 3686 qui
1111 3625 1180 3669 natut

153 3696 244 3749 pruno
264 3688 305 3731 est
321 3680 355 3732 de
372 3683 519 3748 Hyacinthi
536 3686 696 3753 sauguine,
710 3694 805 3754 postea
823 3686 857 3736 de
874 3685 978 3749 Aiacis,
996 3687 1073 3741 sicut.
1085 3683 1179 3753 (etiam)

129 3786 131 3793 .
152 3748 265 3800 Ovidius
277 3750 364 3800 docet.
398 3751 447 3801 Est
458 3761 551 3804 autem
563 3754 682 3804 rubrum
701 3754 777 3822 quasi
792 3754 892 3818 lilium,
904 3753 1052 3821 designans
1069 3757 1182 3824 primaru

153 3818 300 3885 Hyacinthi
321 3818 442 3873 literam.
481 3820 592 3890 Regum
618 3833 713 3876 autem
737 3823 866 3886 nomina,
895 3839 952 3874 non
976 3826 1112 3893 quoniam
1140 3818 1184 3898 ipsi

181 3987 231 4035 105)
260 3989 349 4027 Suetonii
363 3989 429 4028 locum
444 4001 470 4027 ex
485 3988 527 4029 eius
542 3990 593 4029 lihro
609 3990 633 4031 da
649 3993 703 4030 runs
717 3991 859 4043 corporalibus
874 3993 1029 4031 strenuitates
1045 3995 1135 4049 Vossius.
1162 3993 1194 4035 9⁰

238 4057 259 4084 rc
274 4046 299 4084 cl.
314 4047 424 4097 Philergyr.
438 4047 464 4084 ed
479 4046 500 4085 h.
510 4048 528 4084 t
915 4062 924 4070 “
