2288 4514
33 308 40 315 -
123 237 156 323 '.
228 232 797 385 morannum-ais
950 285 1015 347 sta

33 470 86 527 qn
103 458 305 527 significatione
321 460 367 513 tito
383 460 483 513 dicitur
499 461 582 515 fatale
596 462 758 515 Palladium.
770 488 804 501 -·
837 462 880 515 De
896 462 1016 514 Palladio

70 528 153 595 (haec
176 526 282 601 paura).
313 530 377 580 Duo
399 531 517 584 Palladia
542 534 684 585 tradimur
709 535 852 596 extisisse,
876 532 1017 597 (aiterum)
1079 554 1082 559 ·

37 594 134 649 liticen
149 600 281 667 regione,
308 600 427 650 aiteram
444 600 474 651 in
492 600 612 652 Troade.
643 603 737 670 Adque
761 601 829 653 illud
846 602 919 668 quod
936 601 1018 653 athe·

57 674 185 735 apertum
199 676 249 731 est,
260 667 401 720 videbatur
414 671 491 737 ponti
504 670 655 723 inlabsum:
673 670 747 723 stride
760 669 833 740 sputi
845 669 907 719 illos
918 676 948 719 tu
966 707 973 719 .
988 692 1017 721 .·.

70 740 124 789 tm
140 730 264 803 Ἀθηνᾶ.
298 738 351 789 Alii
367 738 406 788 sic
423 738 594 804 existimant,
618 737 692 818 quod
708 740 761 790 hoo
779 754 810 791 er
828 736 909 787 Samo
923 738 1016 789 hracia

60 806 157 857 roiam
180 806 325 857 Dardanos
348 806 508 870 transtulitt)
535 808 580 873 (cf.
603 808 713 874 Dionys.
731 808 817 859 ilatio.
836 816 869 870 2,
885 811 939 867 66.)
958 845 965 857 .
982 843 1015 858 ..

67 872 109 931 los
126 881 243 937 vorent:
266 874 310 925 cui
327 890 490 945 responsum
507 876 574 942 tuit,
596 877 703 928 tamdiu
719 892 879 929 mansuram
896 876 1019 939 Troiam,

49 942 121 1015 ¹diu
144 942 176 995 iti
198 943 342 995 mansisset
363 945 500 997 tricaturae
534 972 568 984 —-
593 982 600 996 .
624 982 633 996 .
655 982 662 995 .
686 982 695 995 .
717 983 727 996 .
751 983 759 998 .
784 980 793 996 .
958 950 1018 1001 170·

54 1028 88 1061 stt
106 1010 185 1063 Deae
203 1029 281 1063 meus
299 1049 307 1064 .
322 1050 330 1063 .
347 1050 356 1063 .
371 1013 474 1067 lunone
492 1020 536 1081 (1,
550 1014 637 1075 482.):
660 1013 728 1067 Diva
745 1013 802 1065 solo
821 1013 901 1081 fisos
920 1014 1018 1065 oeulos

37 1146 40 1151 Ι
86 1080 217 1133 'tenebat
233 1108 269 1119 -
303 1084 364 1139 171.
382 1082 532 1147 Tritonia,·
549 1120 580 1133 ..
600 1120 608 1133 .
630 1082 722 1135 alitio
739 1082 826 1150 Libya
845 1082 1020 1133 essooonlir·

61 1185 71 1201 .
105 1146 232 1217 Quidum¹
251 1149 335 1202 etiam
359 1150 487 1219 paludem
510 1152 760 1217 interpraetentur,
782 1161 814 1201 ut
831 1151 927 1201 o'aotra
944 1149 1020 1201 Anti-

59 1224 124 1267 ttrm
145 1216 225 1269 tibris
243 1256 250 1271 .
268 1256 275 1269 .
291 1256 299 1269 .
315 1222 398 1285 {ipsiu
421 1220 456 1271 sit
474 1222 637 1290 φοβεῖσθαι,
665 1228 693 1272 et
711 1220 837 1272 Minerva
861 1218 1020 1270 hominibus

15 1347 19 1353 Ι
47 1284 145 1339 meliis
161 1290 270 1339 metuite
286 1287 438 1343 iniciat-
473 1298 533 1348 173.
551 1290 651 1340 Solsas
670 1291 758 1342 sudor
777 1288 896 1351 iit,·hoc
916 1289 1021 1355 epithe·
1085 1319 1088 1325 ,

10 1353 299 1476 tlttlurtsoustratirum
308 1396 316 1423 ,
333 1374 387 1427 quo
404 1359 488 1409 totius
504 1360 628 1427 corporis
644 1374 724 1407 surus
742 1359 825 1409 etiam
844 1365 924 1420 gustu
942 1366 1021 1426 potu·

10 1494 30 1537 a
52 1424 1022 1567 ffiliuipiiiiiiqiltiibliiiii⁰pliilii.deciiili‘ieildiluiiiil

10 1538 107 1613 latete:
129 1578 266 1631 nusquam
288 1562 432 1617 inhoneste
454 1573 554 1635 putant
575 1564 669 1619 locari.
695 1590 731 1600 -
773 1568 833 1623 178·
858 1562 965 1613 Omina
990 1548 1034 1613 ΜΝ
1124 1610 1131 1625 ,

10 1637 114 1687 Mam
136 1630 239 1701 Argis,
263 1630 429 1702 Nomenque
452 1635 587 1686 reducant
610 1671 619 1686 .
642 1670 648 1682 .
672 1670 681 1684 .
701 1630 886 1697 relligionem.
921 1630 1023 1683 Omina

10 1692 82 1753 ieie
109 1706 277 1781 reponuntur
299 1728 360 1754 v..
384 1718 400 1753 a
425 1703 499 1755 stude
521 1701 654 1771 progredi
761 1716 807 1751 am
832 1699 1023 1768 proficiscitur,

10 1760 50 1819 de
65 1784 179 1821 saueius
202 1768 277 1820 nulla
299 1786 332 1821 re
355 1778 432 1838 gesta
455 1773 610 1825 memoriae
629 1769 801 1834 mandanda,
825 1768 932 1820 obiecta
950 1769 1023 1820 relli-

10 1843 68 1889 flme
84 1836 243 1893 Nominum
259 1838 392 1890 rediit..
408 1876 417 1892 .
433 1857 535 1909 amque
551 1840 665 1911 repetiit
682 1876 691 1890 .
706 1876 715 1890 .
731 1876 740 1890 .
756 1839 777 1886 si
795 1839 868 1888 forte
885 1838 1023 1904 quispiam

10 1896 120 1977 inceps
137 1921 220 1969 senex
243 1906 395 1976 recipiebat
412 1910 568 1979 (sortisque)
590 1909 678 1976 adque
702 1907 856 1973 auspicium
880 1906 1025 1973 repetebat

10 1979 80 2044 *1310-
98 1974 134 2017 -'-
152 2008 430 2030 ............
464 1986 528 2036 288.
552 1978 683 2028 Graviter
705 1979 827 2044 gemitus
853 1979 908 2025 imo
928 1976 960 2025 de
977 1993 1024 2042 pe-

10 2040 72 2095 bre'
88 2042 197 2095 tarem
215 2080 222 2095 .
238 2080 248 2095 .
264 2078 295 2095 ..
321 2044 401 2113 prior
423 2062 515 2099 versus
540 2047 701 2113 (videlicats
725 2046 775 2095 lile
799 2043 890 2105 nstin
915 2062 964 2093 nec
984 2061 1026 2095 me

10 2120 169 2171 merentem
190 2128 266 2162 vana
290 2115 433 2176 moratur)
455 2116 588 2168 adstruxit
608 2131 673 2165 oum
698 2114 798 2167 dicitur
821 2115 943 2181 gemitus
968 2115 1025 2167 imo

10 2190 16 2225 t
41 2188 119 2251 pest.
134 2180 198 2233 tluo.
231 2180 345 2235 Summa
370 2191 464 2235 sutem
488 2184 628 2237 celeritate
653 2184 819 2234 enimtianda
844 2190 907 2232 suut
931 2184 1026 2235 omnia

10 2255 60 2303 Ιιο
77 2247 182 2302 debent
198 2265 298 2319 urgere
315 2253 523 2319 fugiturum-
558 2258 620 2310 293.
639 2252 726 2302 Sacra
746 2269 866 2318 suosque
884 2252 938 2301 tibi
956 2268 1029 2302 tom·
1088 2240 1092 2259 ¹

10 2320 106 2371 eneas
122 2316 230 2382 Τισίας
254 2320 396 2389 eleganter
413 2321 467 2387 ait,
492 2322 606 2372 Troiam
633 2320 745 2387 (Troia)
763 2322 958 2384 commendat,
980 2336 1029 2390 po·

10 2396 45 2439 Ιι
66 2404 154 2457 quiam
175 2386 235 2457 ipse
257 2388 454 2441 commendare
477 2406 506 2442 se
523 2390 606 2442 dicat.
639 2391 746 2441 Cnnrta
773 2390 847 2441 enim
866 2389 904 2439 sic
920 2392 1029 2441 Aeneas

10 2453 65 2573 et,
87 2464 120 2507 ut
136 2456 262 2529 videatur
278 2460 389 2523 patriae
432 2460 579 2525 raestitisse
596 2460 670 2526 quod
687 2460 766 2527 fugit
801 2460 869 2507 Sunt
886 2466 978 2509 autom
997 2462 1027 2510 in

56 2524 197 2594 vern‘bus,
219 2540 291 2593 quae
316 2542 381 2577 cum
406 2522 498 2580 εκτᾰσι
521 2526 725 2597 pronuntianda
751 2535 828 2590 sunt,
851 2528 933 2577 Sacra
956 2543 1027 2593 quae

10 2592 105 2647 tenuo
122 2630 130 2645 .
147 2631 157 2645 .
173 2630 182 2644 .
197 2610 269 2661 quae
285 2594 342 2647 sola
359 2594 458 2662 habet,
474 2596 526 2648 tibi
544 2595 735 2658 commendat,
759 2596 806 2663 qui
823 2595 894 2645 solus
911 2596 945 2646 de
962 2596 1026 2646 civi·

10 2670 43 2715 lle
63 2660 281 2715 remansisti·
315 2669 377 2722 295·
395 2664 536 2719 Pererrato
562 2676 668 2715 statues
687 2681 757 2732 quae
782 2665 901 2728 denique
923 2677 1027 2730 ponto,-

10 2730 114 2799 ttipinii
137 2746 219 2793 more
241 2732 342 2784 somnii
364 2736 472 2785 monita
495 2734 675 2798 clauduntur,
701 2740 731 2782 ut
754 2732 789 2782 sit
812 2732 942 2783 securitas
959 2750 1026 2800 prae

11 2832 24 2849 .
39 2838 50 2855 .
65 2816 160 2851 cum.
175 2836 208 2850 ..
230 2798 475 2870 postremitat(em)
495 2841 501 2852 .
518 2842 524 2855 .
543 2839 551 2856 .
568 2818 679 2868 magna.
719 2801 760 2851 Ita
784 2800 889 2850 dictum
915 2809 943 2853 et
959 2802 1027 2853 illud

10 2870 34 2937 t,
49 2870 136 2929 159.):
158 2868 203 2919 Tu
220 2869 329 2921 moenia
353 2873 462 2939 magnis
479 2888 581 2940 magna
605 2886 682 2939 para.
700 2895 734 2906 —
768 2876 830 2925 299.
847 2868 1027 2934 Quamquam

10 2946 96 2991 teretes
114 2934 243 3005 parisitis
259 2937 398 2991 Anchisae
418 2941 533 3003 domus3
557 2959 572 2991 e
590 2977 598 2989 .
615 2976 622 2989 .
640 2977 648 2989 .
671 2937 773 2989 saevire
796 2936 950 3005 incipie(rrs)
968 2976 976 2988 .
993 2976 1000 2990 .
1017 2974 1027 2990 .

10 3004 109 3077 leoque
126 3013 266 3057 remotam
285 3009 371 3075 patris
388 3008 502 3059 domum
520 3010 602 3060 fuisse
620 3007 781 3070 confirmat,
805 3022 869 3055 oum
887 3006 1028 3058 Metrodo-

10 3092 37 3129 ιιι
52 3076 176 3140 referat,
200 3074 335 3131 Anchisae
352 3079 433 3129 aedes
450 3077 479 3128 in
497 3078 557 3129 loco
576 3114 584 3129 .
601 3114 608 3127 .
626 3114 633 3127 .
650 3076 776 3126 troianae
793 3074 869 3125 urbis
886 3075 977 3127 fuisse.
994 3102 1029 3115 -
1054 3110 1056 3115 .

10 3152 53 3203 [η.
69 3144 211 3197 Excutior
228 3160 327 3196 somno
346 3184 352 3196 .
423 3146 457 3196 tis
473 3144 717 3210 solemusexpelli,
734 3144 772 3193 sio
790 3143 898 3192 incusso
915 3152 1029 3211 torpore

10 3214 82 3271 rbito
104 3212 223 3265 horrore
247 3229 416 3281 quassamur.
432 3243 467 3253 —
508 3222 569 3272 305.
592 3213 725 3280 Rapidus
751 3224 884 3262 montano
901 3213 1029 3278 floruisse

10 3298 121 3347 rerem
147 3282 245 3349 Asper.
273 3282 425 3349 Montano,
454 3298 571 3351 magno,
604 3290 652 3333 aut
677 3280 750 3349 quod
773 3289 869 3331 monte
891 3281 1029 3336 decurrat.

10 3350 116 3423 apitius
133 3356 162 3402 et
176 3358 286 3401 torrens
304 3350 418 3415 dicitur,
436 3354 482 3420 qui
501 3359 603 3404 aestate
620 3366 764 3417 arescens,
778 3350 872 3401 hieme
889 3352 1029 3416 attollitur,

10 3436 76 3477 nem
91 3418 199 3469 Graeci
216 3416 383 3489 zoopoip'p‘oov
400 3417 527 3490 (ιειμάῤ.)
543 3428 650 3472 rorant.
683 3418 735 3471 Sed
761 3434 812 3470 nos
829 3419 855 3470 ei
872 3434 975 3472 nomen
994 3423 1028 3471 ab

10 3500 97 3543 estate
115 3486 264 3557 posuimus,
281 3490 383 3542 Graeoi
400 3508 433 3542 ex
450 3492 549 3543 hieme.
567 3514 600 3527 -
636 3493 698 3546 310.
715 3488 777 3538 Iam
793 3486 936 3553 Deiphobi
955 3490 1030 3539 dedit

10 3558 89 3627 mpla
108 3558 244 3623 ruinam5
261 3560 467 3610 observandum
486 3576 569 3627 quam
588 3558 730 3622 sapienter
746 3556 869 3629 primam
887 3557 1028 3624 Deiphobi

10 3642 110 3679 omum
126 3624 224 3679 arsisse
241 3627 402 3691 confirmet,
419 3630 452 3682 de
471 3643 525 3696 quo
543 3628 572 3678 in
590 3627 640 3679 ,VL
658 3628 723 3694 (494
734 3625 805 3696 sqq.)
821 3625 940 3690 additur,
956 3624 1030 3692 quod

10 3696 67 3749 ieet
89 3701 155 3763 post
175 3694 321 3748 interitum
337 3696 443 3750 Paridis
459 3696 564 3749 Helena
588 3694 615 3748 ei
638 3695 740 3747 tradita
763 3697 812 3759 sit,
837 3702 864 3746 et
888 3695 924 3744 ob
958 3695 975 3746 d
998 3694 1028 3745 in

10 3768 49 3819 ius
65 3764 186 3820 domum
202 3766 325 3833 primam
338 3766 511 3818 Graecorum
530 3766 722 3815 incursionem
739 3781 815 3813 nune
828 3766 897 3812 dicit
908 3763 948 3831 ju
958 3762 1029 3823 isse).

10 3860 24 3873 ·
61 3838 126 3893 ott·
142 3832 212 3887 lam·
218 3838 358 3907 proximus
375 3837 455 3888 ardet
471 3835 532 3895 Uc.;
556 3849 607 3905 pro
631 3833 714 3884 domo
731 3832 904 3901 Ucalegoutis
928 3848 1029 3883 nomen

10 3902 76 3959 isius
94 3904 199 3969 posuit,
221 3902 301 3955 sicuti
319 3902 436 3956 dicimus
453 3905 479 3957 ei
497 3903 532 3954 ad
549 3903 625 3953 ouius
642 3902 758 3952 domum
782 3902 908 3962 ierinrus,
930 3904 974 3968 (ad
992 3901 1030 3960 t)e

10 3970 40 4023 ti.
76 3970 122 4021 tra
140 3988 228 4039 supra
246 3973 346 4038 (193.):
367 3973 445 4025 Ultro
463 3972 554 4024 Asiam
576 3985 708 4037 magnam
726 3970 842 4035 Pelopea
859 3968 893 4021 ad
919 3969 1029 4019 moenia

11 4038 67 4093 ello
83 4046 237 4092 venturam.
272 4042 345 4093 Nam
367 4058 418 4109 per
435 4042 529 4094 Asiam
552 4039 659 4093 incolae
675 4038 755 4091 Asiae
772 4037 977 4104 intelleguntur.
995 4064 1023 4074 -
1090 4090 1094 4110 2
