2424 4506
139 265 181 329 rs
272 237 281 307 ἶ
336 308 339 313 ,
394 257 535 348 suurn
558 226 955 363 conmonuemus*

142 443 267 497 Turnus:
289 443 360 495 sicut
376 444 567 512 Agamemnon
588 443 642 509 dur
664 442 757 497 totius'
770 443 903 497 exereitus
920 443 1045 513 diversae
1063 443 1203 513 civitatitl‘,

142 514 269 584 proprios
293 528 372 580 roges
396 512 563 580 habuerint]
587 514 632 552 -'
670 520 732 572 239.
754 515 849 565 Aetola
877 532 910 564 ee
936 515 1003 565 urbe
1028 518 1208 587 remissuri.

142 586 228 650 quani
245 582 427 634 condiderunt
446 580 477 633 hi
494 581 542 649 qui
565 582 599 637 de
616 583 723 635 Aetolia
739 588 886 646 venerunt,
910 581 1045 634 Graeciae
1070 585 1178 652 provin·
1200 642 1204 647 ,

145 651 196 702 cia.
229 650 307 702 Unde
321 650 469 702 Diomedes
485 649 584 702 habuit
600 651 686 703 socios
701 652 735 703 de
752 651 840 701 tribus
858 651 915 702 eius
932 651 1095 716 civitatibus,
1113 654 1207 721 quaese,

144 718 230 772 hebet
245 719 369 784 Aetolia,
381 718 532 783 Pleurona,
557 719 698 784 Olenone‚
722 719 855 776 Calidona
872 720 912 786 (V.
930 719 1068 785 Pleurna,
1087 720 1205 785 Cleant:

122 803 125 809 ’
146 787 321 856 Calydonia,
339 788 370 837 L.
389 784 443 851 Pl,
462 787 582 853 Olenon,
601 788 744 854 Calcoed.,
763 788 794 837 L.
812 787 948 852 Pleuron,
967 788 1085 855 Olenus,
1103 790 1198 855 calu*

145 856 181 909 R.
199 855 253 922 PL,
272 857 332 919 OL,
349 854 508 918 Caledona3
527 857 560 908 ul.
579 856 712 922 Pleuron,
732 857 859 920 Olenon,
879 856 954 921 cat.;
979 857 1069 908 Guelf.
1087 859 1107 909 I.
1126 858 1185 931 PL,¹
1199 890 1209 911 ι.

146 925 356 985 calidoniu311.
376 923 429 989 PL,
449 925 569 989 Olenon,
588 926 667 989 Cal).
701 924 744 975 Sic
762 931 833 992 ergo'
848 924 914 975 dnn
930 926 1025 976 Aetola
1044 944 1077 975 en
1095 928 1203 979 urbes.-

145 1001 177 1044 ut
194 998 236 1058 (6,
253 993 303 1053 2.);
327 992 361 1042 Et
379 995 489 1043 tandem
509 994 647 1045 Euboicis
667 994 820 1045 Cumarum
833 994 976 1047 allabitur
1003 997 1073 1044 oris,
1103 996 1189 1062 [tdso'

98 1111 100 1120 ,
121 1063 124 1067 ’
146 1069 241 1115 eutem
257 1055 412 1113 Dioineden
429 1062 556 1114 Aetolum
579 1063 657 1127 dicit,
680 1063 745 1131 quia
769 1070 847 1131 pater
871 1063 929 1113 eius
946 1062 1052 1130 Tydeus
1070 1065 1177 1121 Aetolia
1195 1100 1201 1105 -

146 1132 201 1184 fuit
217 1131 264 1198 qui
281 1130 316 1180 ed
329 1132 415 1198 Argos
431 1131 511 1198 fugit,
528 1131 664 1199 quonium
677 1135 795 1183 fratrem
813 1131 897 1199 patris
917 1131 960 1180 sui
977 1131 1176 1198 occideret]·3·

146 1203 209 1258 240.
226 1199 262 1249 Et
280 1215 413 1265 responsa
432 1205 566 1266 reposcitf'
585 1201 656 1251 mire
674 1202 714 1251 ait
732 1201 858 1267 reposcit.
893 1199 964 1250 Ante
981 1200 1057 1250 enim
1073 1218 1121 1253 rex
1138 1215 1178 1252 so-

146 1268 187 1320 let
210 1287 227 1320 a
242 1267 339 1335 legetis
365 1268 491 1320 universa
515 1284 697 1335 cognoscere,
721 1276 750 1330 et
771 1268 810 1319 sic
834 1282 883 1318 eos
907 1277 1054 1333 praesente
1077 1269 1188 1339 populo¹

147 1336 251 1388 iterum
276 1337 379 1386 omnio
393 1337 490 1390 iubere
514 1355 637 1388 narrare.
677 1337 755 1388 Unde
787 1345 841 1389 est:
873 1333 977 1388 Ordine
1001 1346 1100 1388 cuncta
1123 1353 1196 1401 suos,

146 1403 307 1456 Narnnihil
323 1404 388 1455 licet
403 1406 633 1472 praetermittere.
667 1402 745 1456 Unde
764 1413 792 1457 et
814 1404 955 1474 superflua
979 1422 1095 1465 narrare
1112 1422 1195 1458 con-'r

147 1472 325 1541 sue[ve]ruat
349 1499 383 1511 -
424 1478 485 1532 243.
513 1474 645 1524 Vidimus
670 1491 685 1524 a
710 1477 784 1524 ciues
812 1472 974 1523 Diomedem
982 1497 991 1535 ,·
1023 1472 1180 1542 [rhetor-isa

147 1542 271 1613 protinus
288 1550 347 1593 arte
366 1543 470 1610 coepit,
493 1559 583 1610 neque
607 1541 683 1593 enim
701 1559 768 1612 opus
792 1549 852 1591 erat
874 1541 1009 1610 principio
1036 1544 1126 1611 aliquo
1144 1544 1183 1595 le·'

148 1611 291 1680 gationem
314 1611 461 1674 referenti,
484 1618 512 1662 et
536 1611 581 1663 hic
606 1611 696 1678 figura
720 1619 761 1662 est
783 1606 1034 1679 iaeepourrqireqor.
1074 1614 1207 1663 Nature-

117 1709 119 1713 >
149 1679 225 1732 enim
241 1678 296 1730 hoc
312 1678 365 1730 fuit
380 1679 456 1749 prius
473 1680 636 1732 dicendum:
660 1680 746 1746 Atque
772 1681 824 1730 iter
841 1680 946 1728 emensi
964 1696 1048 1729 casus
1066 1698 1194 1747 superes

149 1751 245 1799 trimus
270 1764 380 1812 omnes,
404 1755 432 1798 et
454 1755 535 1800 tunc:
558 1751 683 1801 uidimus
706 1748 870 1798 Diomedem
894 1747 1053 1815 Argivaque
1079 1762 1181 1800 castra.

149 1815 202 1868 Sed
217 1816 302 1868 habet
314 1816 486 1867 ‘consuetudo
511 1825 542 1866 ut
559 1818 606 1884 qui
622 1818 678 1869 tale
695 1816 798 1884 aliquid
820 1816 963 1881 nuntient,
986 1817 1111 1886 protinus
1135 1818 1181 1871 ed·
1195 1855 1211 1885 7

149 1887 295 1950 moneant,
317 1892 349 1944 ut
372 1892 453 1952 putu,
477 1887 539 1935 uidi
564 1887 662 1950 illum,
687 1897 745 1935 erat
769 1886 847 1949 illic,
857 1885 988 1953 faciebat
1006 1886 1094 1936 illud:
1118 1887 1180 1939 ideo

149 1953 261 2007 adiecit:
284 1953 335 2003 Ille
360 1954 455 2003 urbem
473 1954 642 2020 Argyripam
665 1956 776 2019 patriae
794 1956 959 2020 cognomine
977 1957 1078 2021 gentis.
1110 1952 1181 2007 lllud

149 2021 234 2075 etiem
252 2021 348 2073 ordine
365 2037 489 2088 congruo
507 2023 645 2072 subiunxit
667 2023 702 2074 ad
725 2022 926 2092 proliciendum
950 2025 1077 2074 animum
1094 2030 1182 2094 prius·

149 2104 234 2160 quam
258 2089 409 2158 quicquam
432 2089 549 2142 diceret:
579 2090 702 2142 Munera
726 2090 921 2158 praeferimus.
968 2091 1047 2142 Unde
1069 2094 1184 2144 ordine:

150 2175 250 2210 nomen
266 2159 443 2226 patriamque
461 2161 606 2222 docemus3
625 2159 684 2226 Qui
702 2161 804 2210 bellum
824 2161 979 2223 intulerint,
996 2160 1050 2210 hoc
1068 2170 1110 2212 est
1127 2156 1205 2230 qui,-

131 2220 239 2291 'unde',
261 2233 358 2278 contra
375 2243 457 2294 quos,
480 2245 534 2296 qua
550 2244 645 2281 cause:
669 2229 767 2280 deinde
789 2229 900 2295 ponitur
924 2229 1012 2279 oratio
1029 2229 1184 2295 Diomedis,

65 2340 69 2349 ,
150 2295 227 2348 euius
243 2303 308 2345 sunt
329 2303 421 2366 partes
447 2297 532 2360 duee,
558 2309 628 2361 una,
650 2315 704 2366 qua
727 2314 756 2348 se
778 2305 900 2348 excusat:
925 2297 992 2362 aliu,
1016 2314 1070 2366 qua
1095 2300 1183 2350 etiam

23 2374 26 2382 “
148 2363 202 2416 illis
227 2363 322 2414 suadet
345 2371 375 2414 ut
391 2363 495 2415 bellum
513 2365 659 2434 deponent
694 2366 767 2415 Nam
784 2366 837 2416 hoc
859 2364 888 2416 in
906 2365 961 2416 line
979 2368 1111 2418 orationis
1129 2369 1183 2419 Ve-

69 2427 76 2483 ,’
151 2431 232 2484 nulus
256 2431 345 2483 addit:
377 2432 411 2482 Es
437 2451 571 2499 responsa
595 2435 682 2485 simul
706 2451 777 2500 quae
801 2437 860 2484 sint
883 2452 930 2484 rest
956 2438 1056 2502 optime
1084 2453 1182 2503 regum

150 2499 272 2550 Audisti.
306 2501 451 2551 Excusatio
468 2503 612 2554 Diomedis
630 2503 727 2574 duplex
745 2512 799 2568 est,
822 2504 915 2554 Fortes
939 2512 1002 2554 suut
1020 2505 1136 2556 Troiani
1155 2511 1183 2556 et

148 2567 256 2621 felices:
279 2568 375 2620 Fortes
398 2570 517 2623 breuiter
541 2573 659 2623 ostendit
682 2587 732 2638 per
759 2571 1006 2624 intermissionem:
1037 2573 1121 2624 Mitto
1149 2591 1181 2624 ea

60 2667 62 2672 ·
139 2653 221 2704 *quae
246 2639 336 2688 muris
361 2639 490 2690 bellando
514 2640 650 2690 exhausta
673 2643 728 2691 rut
753 2642 827 2691 altis.
862 2641 988 2704 Frigidus
1011 2642 1087 2692 enim
1105 2643 1191 2705 locus·

149 2713 210 2759 erat
225 2702 248 2755 si
264 2705 393 2758 virtutem
410 2723 508 2758 eorum
524 2710 625 2761 timere
640 2709 759 2774 diceret,
783 2724 851 2777 quos
875 2710 945 2760 vicit
979 2708 1120 2762 Secundus
1144 2712 1198 2763 los

150 2790 197 2825 cus
215 2774 302 2825 multa
319 2775 457 2847 continet,
481 2784 539 2826 tam
563 2778 657 2829 felices
680 2795 738 2828 esse
761 2785 792 2826 ut
808 2777 842 2828 de
866 2777 994 2828 omnihus
1010 2779 1184 2839 vindicaren-

148 2850 209 2905 tur,
232 2849 260 2894 et
277 2843 389 2912 singula
407 2844 441 2895 de
463 2844 575 2912 singulis
600 2848 671 2897 mire
689 2847 813 2914 augendo
838 2847 1007 2913 exsequitur:
1031 2849 1182 2900 novissimo

149 2911 211 2962 loco
236 2910 319 2964 dese
343 2912 424 2978 dixit,
449 2931 485 2964 ne
508 2914 534 2965 ei
559 2915 738 2978 obiiceretur,
761 2915 826 2983 quid
849 2922 877 2964 te
900 2917 952 2966 ista
975 2925 1087 2984 movent
1110 2919 1183 2979 situ

149 2980 221 3032 mlril
237 2995 329 3045 passus
347 2980 394 3032 es?
418 2989 447 3032 et
464 2981 538 3033 auxit
554 2985 629 3052 quod
646 2983 752 3046 omisit,
770 2990 799 3034 et
814 2983 901 3033 socios
919 2984 1034 3048 adiecit,
1052 3001 1118 3036 cum
1136 3005 1182 3040 ex·

149 3049 328 3101 clamatione:
362 3047 440 3100 Haec
471 3052 539 3102 adeo
571 3070 604 3102 ex
634 3053 684 3102 illo
716 3052 788 3102 mihi
816 3055 874 3102 iam
898 3054 1037 3119 speranda
1056 3054 1184 3123 suerunt

83 3140 86 3145 ·
151 3117 292 3181 Tempore.
328 3115 392 3169 Ideo
410 3134 446 3170 se
470 3127 567 3170 contra
583 3119 697 3172 Veneris
720 3121 808 3171 filium
825 3129 934 3183 excuset
950 3138 1090 3191 pugnare,
1113 3143 1183 3178 nam

149 3187 289 3261 sequiturt
303 3183 346 3235 Ne
359 3204 432 3254 uero,
451 3206 485 3240 ne
504 3206 545 3238 me
562 3190 599 3239 ad
617 3190 687 3239 tales
701 3190 832 3258 impellite
845 3207 965 3257 pugnas.
989 3191 1139 3261 Supererat
1153 3204 1184 3247 ut

139 3258 249 3325 ¹partem
265 3252 407 3319 suaderet,
431 3258 471 3308 eit
487 3257 577 3309 enim:
601 3257 739 3323 Munera,
762 3263 953 3326 quae'patriis
971 3262 1009 3310 ad
1027 3278 1068 3310 me
1085 3277 1182 3328 porta-

136 3322 343 3374 'stisnb'aris-
376 3323 443 3375 Inde
465 3325 576 3378 laudem
593 3329 701 3379 Aeneae
723 3329 763 3378 ita
787 3327 891 3378 addidit
913 3336 945 3378 ut
966 3345 1046 3379 utam
1067 3329 1183 3386 laudem

150 3397 283 3456 servaret,
306 3390 440 3444 ibi-enim
457 3394 503 3444 ubi
521 3413 549 3447 se
567 3404 676 3447 excusat
692 3412 747 3447 non
764 3395 817 3447 hoc
835 3397 874 3447 ait
890 3397 955 3464 quia
971 3399 1049 3449 fortis
1066 3408 1182 3455 estnon

151 3461 220 3512 edeo
238 3458 394 3526 (lauded),
416 3461 464 3512 sed
484 3462 564 3515 illud:
592 3463 760 3531 Quicunque
778 3467 882 3516 Iliacos
900 3465 982 3534 ferro
1008 3459 1188 3523 violavimus

84 3546 89 3554 ·
152 3546 246 3596 agros,
261 3528 339 3596 qussi
355 3528 409 3579 hoe
424 3530 513 3581 fatum
529 3533 583 3582 fuit
596 3535 729 3598 omnium,
744 3534 789 3585 hic
802 3535 851 3585 ubi
864 3535 959 3586 suedet
972 3553 1069 3605 pacem
1084 3549 1182 3607 aperte

152 3597 219 3650 dicit
240 3612 321 3665 putes
344 3596 416 3648 mihi
437 3613 495 3649 nou
519 3601 597 3664 estis,
621 3611 649 3653 et
666 3605 717 3654 ait:
744 3602 862 3672 Enperto
882 3605 982 3654 credite
1001 3618 1126 3671 quantus
1145 3610 1182 3660 In

153 3667 279 3734 clypeum
299 3679 445 3733 assurgat,
462 3683 516 3734 quo
534 3671 790 3739 turbine'torqueat
807 3670 933 3738 hastam,
948 3673 966 3723 i.
981 3691 1004 3724 e.
1021 3691 1073 3743 ego
1091 3677 1183 3735 fatum

59 3776 71 3797 s
150 3736 254 3801 timeo,
278 3750 323 3785 ros
340 3737 469 3787 virtutem
485 3738 585 3789 timere
603 3739 715 3793 debetis.
749 3741 822 3790 Nem
839 3741 914 3809 qrrod
930 3740 1042 3795 adiecit:
1065 3743 1098 3794 Si
1123 3748 1181 3798 duo

86 3862 88 3867 ,
151 3816 290 3872 praeterea
309 3805 379 3854 tales
397 3802 482 3855 Idaea
499 3808 624 3871 tulisset,
645 3825 702 3862 non
725 3810 778 3861 fait
799 3817 942 3862 contentus
965 3810 1044 3863 illum
1066 3815 1183 3866 Hectori

125 3935 127 3939 ι
151 3888 329 3942 comparere,
345 3871 398 3924 nisi
413 3874 588 3927 adiunxisset:
605 3872 662 3928 Hic
678 3881 779 3946 pietate
795 3883 883 3945 prior,
901 3893 998 3932 coeant
1016 3884 1047 3932 in
1058 3883 1181 3950 foederet

152 3943 279 4005 dextrae,
294 3941 313 3993 i.
331 3958 369 4007 e.,
386 3942 452 4010 quia
468 3944 600 4014 piusest,
617 3946 708 4009 bonus
723 3947 826 3999 anneus
843 3949 910 4000 erit:
936 3950 1030 4002 statim
1046 3952 1182 4004 conclusit

147 4010 226 4064 sicut·
240 4011 276 4064 ad
297 4008 406 4079 singule
427 4011 551 4068 invenies
571 4014 685 4100 dictum.
731 4015 812 4085 Quod
833 4024 928 4071 autem
951 4018 1138 4091 adlidimur
1164 4038 1179 4072 o
