2288 4514
31 264 34 271 “
110 281 153 346 se
365 274 507 338 suurn
532 270 930 371 aouuauruuus-

108 462 249 533 felicibus
267 463 372 527 armis,
383 469 411 514 'et
427 470 468 515 est
482 458 733 533 argumentum'ab
750 458 890 527 honeste]
901 458 948 501 ——'
972 463 1037 521 542.
1055 458 1074 510 Τ

116 536 264 601 patiuntur
282 548 394 598 corpore
414 543 439 582 et
455 537 562 595 armam·
584 531 603 581 i.
619 530 644 583 ε’.
663 531 771 601 [etiam]
788 532 933 601 sepultura
952 531 1049 581 earrdt

117 602 193 653 utin
206 603 328 651 Homero
345 601 471 669 legimus,
487 602 522 655 da
539 600 662 651 virorum
678 602 794 653 fortium
807 600 992 653 cadaveribus
1009 604 1065 651 erat

117 671 208 723 hostes
225 670 331 736 grande
346 678 504 734 certamen,
526 668 612 738 [quod
628 668 750 721 nnrxime
767 678 884 745 apparet
902 670 939 721 de
957 666 1074 719 cadaveri

104 737 216 805 eracli]
232 765 267 775 -
301 742 364 796 644.
381 737 489 788 Dextra
509 756 557 787 rese
575 736 799 788 Drancr's·dieta
818 738 972 806 refellam?
998 740 1016 789 i.
1032 751 1053 786 e.
1067 750 1074 783 t

116 818 153 862 te.
187 809 261 859 Nam
284 822 335 878 pro
352 808 395 859 rei
419 808 509 857 officio
532 809 622 874 ipsam
645 822 708 858 rem
732 807 838 874 possut,
863 808 993 857 dextram
1009 802 1074 869 [scit]

117 881 232 940 virtute,
267 877 320 927 hoc
338 884 377 928 est
393 877 503 928 fortiter
520 876 654 928 iaciendo.
672 902 705 913 -
750 881 811 933 645.
832 874 965 927 Turnum
978 875 1073 944 sugite

117 946 274 1018 {piperinus
291 944 439 1010 Turnum]
456 971 489 982 —
524 950 584 1002 646.
605 944 697 1010 Usque
722 946 827 995 adeone
846 948 922 996 mori
948 949 1070 995 miserum

116 1019 217 1072 tacitae
241 1014 393 1084 quaestioni
420 1015 546 1064 occsurit.
583 1014 630 1080 [Et
654 1012 767 1081 quidam
791 1014 844 1063 hoo
864 1014 983 1065 verbum
1005 1026 1074 1080 repre

118 1088 188 1140 dum
207 1102 293 1150 usque
318 1084 437 1149 adeone,
461 1083 559 1134 melius
582 1082 637 1132 diei
661 1100 748 1149 usque
774 1083 852 1133 adeo.
886 1082 1008 1132 Lucilius
1022 1086 1074 1146 sept

121 1155 214 1222 Usque
239 1155 307 1202 adeo
326 1154 420 1202 studio
440 1166 521 1216 utque
542 1152 606 1201 odio
634 1152 715 1201 illius
734 1151 843 1220 efferar.
878 1151 1000 1218 Quidam
1020 1148 1074 1198 siet

118 1227 211 1299 piunt:
239 1221 330 1287 Usque
349 1222 452 1271 ‹adeone
471 1223 545 1270 mari
563 1222 695 1271 miserum
714 1235 769 1284 est,
788 1226 817 1269 ut
834 1234 891 1271 uon
908 1220 988 1287 quusi
1002 1214 1074 1268 confir

118 1293 168 1348 red
190 1292 269 1360 quasi
284 1292 439 1357 interroget
454 1305 539 1357 quare
557 1290 609 1340 dea
626 1290 664 1341 sic
685 1291 719 1341 de
742 1288 790 1339 illo
807 1286 918 1339 laboret
935 1280 972 1337 uf
981 1286 1054 1347 viret,
1072 1306 1074 1319 ·

117 1361 202 1417 retius
218 1360 254 1410 sit
270 1359 383 1410 honeste
400 1361 473 1409 mori
490 1374 576 1426 quam
592 1358 711 1427 turpiter
729 1359 826 1408 rivere.
845 1356 922 1423 Ergo
941 1351 1074 1423 usquead

119 1441 152 1484 ut
167 1435 357 1491 tamenltenta
374 1427 515 1492 turpitudo
533 1428 648 1479 serenda
666 1428 708 1478 sit.
746 1424 802 1477 Vas
822 1443 837 1476 a
857 1424 937 1487 mihi,
948 1434 1074 1487 manent

119 1516 170 1570 per
194 1496 341 1550 fantasiam
364 1496 523 1562 relinquens
546 1510 676 1564 superos,
705 1495 740 1546 ud
770 1510 869 1545 mauee
891 1493 1023 1545 convertit
1046 1504 1074 1539 ou·

119 1566 205 1632 nem]
222 1592 256 1604 —
289 1569 351 1622 647.
369 1564 484 1628 Superis
503 1582 603 1615 aversa
621 1565 769 1627 voluntas,·
795 1563 861 1633 quia
885 1570 917 1612 ut
937 1578 1016 1633 supra
1031 1564 1063 1625 (l,

121 1641 171 1703 fl,
188 1633 243 1697 51.)
260 1632 393 1697 diximus,
409 1633 498 1684 donee
516 1633 644 1698 vivimus,
669 1649 752 1683 curae
769 1647 865 1681 sumus
882 1631 935 1682 diis
951 1629 1057 1701 superis:
1072 1682 1074 1687 ,

119 1714 243 1759 mortem
265 1703 299 1755 ad
323 1702 425 1753 inferos
443 1702 629 1771 pertinemus,
654 1703 752 1769 quibus
769 1718 799 1752 sa
818 1700 903 1751 modo
920 1696 1074 1750 commendat

120 1780 182 1835 648.
200 1773 315 1841 [Sancta
333 1772 371 1821 ed
389 1788 439 1820 vos
458 1774 572 1832 anima3
597 1787 668 1838 quae
692 1771 850 1823 differentia
874 1770 962 1820 suncti
980 1769 1012 1819 sit
1026 1780 1074 1832 supe

119 1844 271 1913 (11,148.)
295 1840 400 1891 dictum
425 1847 473 1891 est.
507 1841 558 1890 Hic
576 1852 675 1890 sancta
699 1841 862 1907 incorrupta
886 1836 1060 1908 aceipieudum

119 1926 211 1981 neque
235 1913 311 1961 enim
327 1925 409 1958 sacro
435 1915 483 1957 aut
501 1908 648 1975 religioso,
671 1910 730 1961 eius
753 1909 848 1959 anima
871 1903 1029 1968 tenebatur]
1054 1898 1074 1947 it

121 1982 216 2033 r’nrer'u
240 1981 356 2045 'eulpam
386 1976 428 2026 vel
450 1978 548 2044 rugae:
580 1979 645 2046 quia
668 1982 733 2045 tuga
758 1978 864 2044 grande
886 1976 993 2028 crimen
1014 1979 1074 2024 este

119 2051 213 2102 sirum
230 2048 347 2101 fortem.
365 2046 407 2096 vel
423 2046 497 2112 rupti
514 2046 634 2098 foederis
652 2054 680 2099 et
696 2048 785 2098 laesae
802 2045 958 2113 religionis:
975 2061 990 2095 a
1005 2052 1074 2111 quet*

120 2118 189 2170 dicit
203 2114 285 2185 [esse]
309 2113 432 2166 alienum
456 2124 570 2183 propter
592 2117 685 2167 futura
701 2113 842 2184 supplicia.
860 2142 895 2151 -
937 2118 995 2171 649.
1010 2108 1073 2171 Indig

121 2200 258 2247 auorum
282 2183 390 2235 Graeca
407 2182 504 2250 figura.
537 2183 611 2234 Nam
633 2200 698 2249 nos,
723 2185 863 2250 indignus
883 2183 936 2233 illa
961 2198 1000 2244 re,
1019 2176 1074 2230 dicitt

120 2259 221 2307 eontra
238 2252 340 2304 Graeci
359 2246 467 2313 ἀνάξιος
484 2248 631 2319 στεφάνου,
657 2254 675 2305 ι’.
694 2271 717 2304 e.
734 2254 864 2320 indiguus
881 2267 1007 2302 coronae.
1021 2273 1047 2285 -
1069 2246 1074 2297 t

120 2324 237 2443 &Vestes
254 2338 323 2389 equo
342 2333 488 2386 spumante
506 2322 606 2390 Sages3
631 2338 682 2389 pro
700 2338 765 2372 aum
782 2321 945 2383 veheretur;
962 2327 990 2368 ut
1005 2322 1040 2383 (t,
1052 2317 1074 2367 u

147 2405 230 2457 tqua
255 2402 348 2441 uectus
366 2388 460 2454 Abas]
478 2417 510 2426 -
552 2397 614 2448 652.
634 2391 795 2457 implorans
820 2386 1070 2441 neminemnam

120 2459 215 2513 multis
231 2460 313 2510 rebus
330 2459 434 2509 indicat
450 2460 705 2526 perturbationem,
729 2459 803 2527 quod
825 2458 958 2509 festinans
977 2455 1074 2515 teuitq

138 2544 171 2581 ur
189 2530 296 2592 hostes,
326 2527 400 2594 quod
431 2529 600 2592 vulneratus,
630 2532 703 2596 quod
728 2529 856 2579 Turnum
887 2526 999 2578 nomin-e
1024 2530 1074 2587 appe

119 2547 195 2650 item
212 2595 382 2648 contumelia
400 2603 441 2647 est
456 2597 569 2648 nomine
587 2597 658 2664 [suo]
674 2600 849 2666 superiorem
866 2611 982 2647 vocare:
997 2592 1030 2643 sic
1042 2591 1074 2667 in·

120 2664 223 2733 argicis
241 2669 283 2730 (4,
301 2667 388 2726 321.):
412 2664 506 2715 Mater
524 2665 630 2732 Cyrene
648 2679 750 2717 mater.-
775 2682 841 2717 eum
860 2662 1036 2735 praemisisset
1047 2660 1074 2720 u:

122 2733 156 2786 Et
174 2746 198 2785 te
217 2732 355 2784 crudelem
380 2736 495 2783 nomine
520 2736 603 2800 dictu
629 2736 710 2802 [sicut
733 2744 831 2786 contra
848 2735 948 2786 Aeolus
970 2732 1074 2783 adlun⁰¹

121 2803 161 2857 rit
177 2808 221 2871 (1,
239 2803 308 2865 76.):
335 2800 430 2867 Tuus,
449 2821 463 2853 o
484 2806 598 2870 regina,
617 2805 685 2869 quid
705 2817 809 2869 optem,
834 2803 988 2870 Explorare
1004 2799 1074 2851 laios·

121 2878 182 2933 653.
208 2871 303 2925 Turne
329 2873 359 2920 in
384 2883 408 2920 te
433 2889 562 2937 suprema
589 2874 683 2933 salus3
717 2874 813 2925 omnia
836 2890 907 2941 quae
939 2888 1015 2938 supra
1035 2866 1074 2917 1⁰²¹

121 2941 238 3006 dixerat,
264 2941 352 2992 oratio
376 2939 428 2990 ista
452 2941 578 2994 dissolvit.
601 2969 633 2978 -·
676 2947 737 2999 654.
762 2942 911 2993 Fulminat
934 2941 1046 2995 Aeneas,
1066 2938 1074 2973 t

63 3072 65 3077 ,
121 3006 229 3081 geratio
247 3019 300 3072 est,
324 3010 362 3059 sic
386 3009 561 3076 paulopost:
584 3009 819 3078 Horrendumque
838 3014 951 3062 intonat
968 3008 1056 3060 armis·

121 3090 207 3128 natur
225 3079 395 3128 deiecturum
415 3095 508 3137 araes;
532 3078 596 3145 quia
614 3081 719 3131 dixerat
743 3080 839 3146 (569.):
864 3080 899 3129 Et
923 3065 1074 3146 aequorei*

123 3148 231 3197 mantia
255 3146 381 3197 culmina
406 3164 517 3211 ponam.
536 3173 569 3183 -
610 3154 670 3206 656.
688 3149 815 3217 [Iamque
833 3150 934 3218 faces3
959 3155 989 3198 ut
1009 3144 1041 3196 sit
1068 3148 1074 3179 ⁴

121 3216 231 3267 Turnus
246 3215 391 3266 subvenire
408 3214 538 3281 festinet]
557 3242 589 3252 -
623 3224 683 3276 657.
704 3217 835 3282 Massae,·
859 3218 944 3269 modo
961 3212 1074 3269 dubitat

120 3291 265 3336 cuneantur
277 3284 337 3336 Rex
353 3283 411 3352 ipse
428 3284 456 3335 in
475 3301 529 3354 quo
547 3301 654 3339 summa
672 3304 767 3340 rerum
782 3295 838 3341 est:
853 3295 963 3340 veteres
979 3287 1074 3335 mussfl

122 3355 206 3404 timet.
240 3352 344 3402 Ennius
364 3368 491 3404 mussare
509 3370 559 3424 pro
578 3367 667 3406 tacere
686 3357 790 3421 posuit,
808 3356 921 3408 Clodius
939 3356 1056 3405 Tuscus:

120 3438 184 3472 sare
203 3433 242 3472 e'st
258 3436 293 3471 ex
306 3418 424 3485 Graeco,
442 3425 622 3489 comprimere
641 3428 746 3489 oculas,
764 3426 866 3477 Graeci
882 3420 935 3492 μῦσ
952 3420 1048 3492 (μῦσαι,

120 3489 222 3541 dicunt.
236 3514 270 3526 -·
304 3494 364 3546 656.
385 3489 465 3556 Quos
483 3509 600 3558 generas
618 3506 707 3558 vacet;
726 3509 778 3562 pro
794 3507 887 3557 utros3
904 3494 1041 3564 pluraliter
1064 3497 1074 3531 Ι

121 3570 252 3626 generos,
275 3556 309 3610 de
326 3558 503 3624 exercitibus,
525 3574 645 3628 quorum
668 3564 750 3614 duces
772 3571 838 3614 sunt
859 3567 971 3617 Aeneas·
987 3571 1014 3614 et
1033 3552 1074 3610 's'

121 3626 176 3676 dat
191 3641 265 3692 quere
282 3642 341 3676 sese
360 3626 397 3675 ad
415 3627 533 3694 foedera
553 3629 668 3697 flecrae3
693 3640 740 3682 aut
757 3634 918 3702 nuptiarum
935 3632 1052 3685 taedere

121 3696 205 3755 3350:
230 3694 288 3745 Neo
305 3697 439 3761 coniugis
466 3714 590 3763 unquam
611 3699 758 3751 Praetendi
776 3703 869 3767 tedas,
894 3715 945 3752 aut
962 3701 1025 3751 haec
1040 3700 1074 3748 ι’]

120 3761 186 3814 dere
204 3767 284 3814 veni:
309 3766 362 3814 Aut
386 3772 499 3833 propter
515 3767 647 3818 violatum
672 3771 783 3834 foedus,
806 3779 837 3821 ut
858 3766 922 3823 ideo
946 3770 1056 3823 dixerit:

119 3849 178 3882 sese
193 3832 288 3899 flectat
305 3833 342 3881 ad
359 3831 489 3898 foedera,
513 3835 591 3902 quasi
606 3853 659 3891 nee
677 3840 729 3889 hoc
754 3840 912 3893 remedium
935 3836 1067 3909 supersit,

117 3898 164 3951 illa
181 3901 239 3952 iam
256 3897 328 3953 betto
347 3911 475 3970 corrupta
494 3902 568 3967 sint]
584 3931 615 3941 --
650 3913 710 3964 559.
731 3906 878 3960 Praeterea
897 3913 994 3977 regina
1011 3902 1073 3957 tufi

118 3971 294 4050 occurrebat,
311 3970 441 4020 Amatam
459 3968 493 4039 [si
511 3968 626 4024 Latinus
645 3976 766 4041 dubitat,
793 3978 934 4046 reguiam]
950 3994 999 4050 pro
1014 3975 1074 4026 eiu⁶

112 4037 188 4091 tibus
208 4039 269 4101 ruti.
310 4036 382 4107 [Tui
398 4038 567 4106 fidissima3
602 4041 643 4096 tui
668 4044 866 4101 amentissima.
907 4044 1016 4102 Dextra
1035 4036 1074 4093 0⁴
