2424 4506
131 267 199 365 ι92
274 336 278 345 ,
419 261 562 325 snnvn
583 210 943 327 connaurabrus

155 446 352 516 compitorum.
368 447 389 515 .]
404 477 440 489 -
474 455 537 507 841.
553 448 675 502 Mentem
699 451 804 502 laetata
827 452 983 516 contorsit3
1007 449 1061 503 itte
1071 478 1074 483 ·
1085 450 1201 521 quidem·

155 517 210 570 hoc
228 516 309 583 dicit,
331 518 380 571 sed
396 527 517 584 constat,
539 518 613 571 bello
629 520 733 571 Punico
750 518 871 571 secundo
888 528 1029 583 exoratam
1048 520 1195 573 Iunonemt

157 588 239 638 tertio
258 603 322 640 vero
340 589 413 641 bello
431 604 447 641 a
464 587 592 653 Scipione
609 587 693 639 sacris
711 587 877 656 quibusdam
894 587 980 639 etiam
996 588 1122 641 Romam
1138 606 1204 641 essa·

154 663 230 707 trans
270 673 325 708 am.
343 685 376 695 -
411 663 473 714 843.
491 655 548 708 His
566 660 652 722 actis;
676 665 786 709 remoto
804 674 820 707 a
838 657 937 708 Turno
952 658 1066 711 Iunonis
1089 658 1191 711 auxilio.

154 750 190 762 -
224 731 241 782 8
261 735 285 782 4.
306 725 457 777 Dimittere
474 728 508 777 ab
527 729 635 790 armis,-
658 742 709 792 per
725 726 889 789 transitum,
911 725 1045 779 historiae
1069 742 1131 777 suut
1154 732 1190 779 eri

155 793 254 846 verbis.
287 794 360 845 Nam
378 797 426 863 qui
443 795 481 846 ab
505 797 626 847 exercitu
648 795 820 859 relaxantur,
844 793 880 844 ab
905 796 991 846 armis
1009 795 1139 847 dicuntur
1154 795 1188 847 di·

123 926 127 933 ,
155 864 238 915 mitti.
272 861 411 915 Sallustius
428 865 462 916 de
479 865 567 934 Appio
584 864 628 930 (R.
646 867 726 930 opio,
743 864 806 913 Vos.
826 864 946 931 oppida),
964 863 1012 915 ubi
1030 879 1097 914 eum
1115 862 1188 917 cua

108 934 112 941 “
155 933 186 984 in
205 932 334 984 contione
351 934 387 985 ab
406 933 526 985 exercitu
544 933 618 1000 cogit
634 932 799 998 abscedere,
815 932 895 998 dicit,
912 949 944 984 se
957 934 1120 1001 eiusopera
1136 946 1185 985 non

155 1016 286 1066 usurum,
309 1018 430 1070 eumque
452 1001 487 1053 ab
506 1002 590 1052 armis
609 1001 734 1065 dimittit,
748 1024 781 1037 -
810 1004 879 1060 2845.
896 1000 1000 1066 Pestes,
1024 1000 1186 1069 cognomine

155 1072 235 1121 dirae
243 1093 254 1134 ,-
284 1074 398 1139 proprie
427 1084 516 1138 pestes
540 1079 689 1135 vocantur,
719 1071 800 1123 dirae
823 1085 904 1136 vero,
927 1072 1111 1138 cognomine.
1153 1070 1185 1121 Et

155 1140 245 1192 dictae
268 1140 362 1205 dirae,
394 1141 468 1208 quod
498 1154 556 1191 non
579 1140 632 1190 nisi
657 1147 721 1190 ante
745 1139 850 1215 irati*
871 1139 965 1191 Iovem
990 1138 1132 1191 ridentur:
1159 1144 1186 1189 ut

155 1208 253 1274 (849.);
278 1208 414 1276 Seruique
440 1212 471 1259 in
495 1209 593 1259 limine
619 1211 694 1275 regis
711 1209 859 1276 Apparent.
875 1233 911 1245 -
944 1212 1006 1265 846.
1027 1208 1185 1260 Tartareum

123 1294 129 1303 ·
155 1276 335 1345 Megaeram,-
354 1279 427 1330 bene
445 1290 595 1328 tartaream
611 1276 723 1341 addidit,
741 1285 772 1326 ut
788 1276 913 1329 ostendat
929 1293 988 1329 esse
1006 1284 1034 1329 et
1050 1284 1186 1331 terrenam

157 1352 185 1396 et
202 1350 314 1398 aeream
330 1347 504 1414 Megaeram.
538 1348 626 1412 Nam,
650 1355 679 1395 ut
696 1345 782 1396 etiam
805 1345 836 1397 in
860 1346 944 1398 tertio
961 1345 1045 1413 (209.)
1070 1346 1186 1409 diximus,

156 1413 251 1466 volunt
274 1416 356 1484 periti
373 1415 512 1484 quandam
532 1416 673 1483 triplicem
696 1422 862 1481 potestatem
879 1432 952 1480 esse,
975 1422 1004 1466 et
1019 1412 1049 1465 in
1067 1414 1186 1467 terris-et

154 1483 229 1549 apud
246 1500 374 1552 superos,
390 1484 461 1534 sicut
478 1491 519 1536 est
536 1485 674 1536 furiarum
692 1483 766 1550 apud
782 1484 894 1536 interos.
927 1483 992 1535 Ideo
1010 1492 1104 1535 autem
1118 1482 1186 1547 dicit,
1203 1514 1206 1519 ·

156 1552 206 1605 has
224 1567 256 1603 ex
273 1554 360 1605 Nocte
377 1551 550 1622 progenitas,
574 1561 606 1603 ut
623 1542 762 1616 ostendat,
786 1559 815 1603 et
828 1552 949 1605 latenter
967 1551 1035 1619 oriri
1054 1559 1084 1604 et
1098 1550 1206 1605 intole.

153 1620 274 1672 rabilem
292 1639 349 1674 esse
366 1623 440 1673 iram
459 1623 583 1673 deorum.
620 1621 696 1689 [Nos
716 1625 878 1685 intempesta
885 1644 895 1686 ,-
921 1629 1090 1691 perpetuum
1105 1620 1198 1672 noctit-

155 1690 307 1756 epitheton.
341 1691 400 1745 Alio
417 1691 501 1755 modo
519 1691 634 1747 dicimus
653 1692 861 1756 intempestam,
878 1698 987 1761 partem
1004 1691 1095 1741 noctis
1110 1687 1188 1758 sigui-

153 1759 288 1825 ficantes]
311 1785 345 1795 -
385 1766 448 1816 847.
473 1759 550 1825 Uno,
569 1759 720 1825 'eodemque
745 1760 811 1810 tulit
833 1770 934 1825 partu,
959 1758 1103 1826 dispositio
1124 1758 1187 1811 baec

153 1834 267 1898 poetae,
288 1838 363 1896 'quae
381 1828 463 1894 dicit,
486 1829 535 1880 has
560 1836 588 1880 et
609 1828 712 1880 similes
735 1845 794 1880 esse
817 1829 912 1894 iuriis,
935 1836 964 1880 et
985 1844 1052 1879 curn
1075 1827 1119 1879 his
1132 1842 1186 1881 esse

153 1906 329 1964 procreatas,
353 1898 407 1948 hoc
425 1899 497 1966 agit,
520 1905 552 1947 ut
575 1896 702 1948 ostendat
723 1896 801 1948 illam
826 1897 1006 1963 prudentium
1031 1897 1188 1966 opinionem

154 1967 307 2036 (opinione)
325 1982 384 2018 esse
400 1976 460 2016 tarn
478 1967 551 2034 apud
568 1982 694 2036 superos,
711 1982 796 2034 quam
812 1967 843 2018 in
859 1965 956 2030 terris,
972 1966 1045 2016 sicut
1061 1966 1136 2032 apud
1149 1966 1188 2017 iu-

152 2037 227 2093 feuos
244 2036 337 2086 furias.
354 2061 386 2071 —
421 2042 482 2092 849.
502 2035 596 2103 [Saevi
615 2038 707 2103 regis,-
725 2035 869 2102 epitheton
885 2043 933 2100 est,
949 2035 1188 2087 accommodatum

153 2104 194 2166 ei,
217 2120 282 2154 cum
304 2103 403 2167 saevit,
435 2121 526 2172 neque
550 2104 627 2157 enim
651 2112 692 2155 est
716 2105 842 2172 Iuppiter
866 2119 977 2173 semper
999 2101 1135 2169 'saeuus.]
1156 2128 1189 2141 ··

153 2176 215 2230 850.
244 2174 400 2240 Apparent,·
430 2173 570 2238 ridentur,
600 2181 711 2241 praesto
740 2182 803 2224 sunt
830 2173 865 2225 ad
889 2171 1071 2240 obsequiume'
1115 2170 1190 2224 Unde

155 2243 240 2294 etiam
259 2244 435 2309 apparitores
452 2249 559 2294 constat
576 2260 632 2294 esse
651 2244 817 2295 nominatos.
834 2268 869 2280 -
903 2247 964 2299 851.
981 2239 1082 2290 Letum
1100 2239 1189 2293 borri-

146 2310 253 2378 ficum;
270 2311 363 2360 volunt
379 2311 472 2361 Iovem
489 2326 546 2363 non
563 2324 621 2362 esse
640 2313 737 2363 mortis
755 2321 912 2376 auctorem,
929 2310 1076 2377 sed.posse
1091 2309 1188 2361 mortis

153 2395 270 2447 genere,
300 2379 342 2430 vel
366 2381 510 2445 prodesse,
540 2380 584 2432 vel
607 2381 703 2433 obesse
728 2380 898 2437 mortalibus.
921 2407 955 2416 -
1007 2382 1073 2437 854.
1104 2379 1202 2446 inque·

154 2467 234 2500 omen
258 2447 395 2499 Iuturnae
418 2467 562 2501 occurrere
590 2452 690 2514 iussn,-
725 2459 756 2500 ut
779 2452 909 2501 Iuturnae
934 2464 1018 2499 omen
1048 2449 1206 2517 fraternae·

153 2518 251 2568 mortis
270 2517 401 2569 efficeret.
418 2544 452 2555 -
493 2524 554 2576 856.
570 2518 637 2570 Non
656 2537 751 2584 secus,
776 2537 809 2569 ac
834 2534 992 2583 nervoper
1011 2516 1113 2567 nubem
1139 2518 1189 2567 im-

154 2589 238 2653 pulsa
263 2589 385 2653 sagium·
415 2587 454 2638 sic
477 2587 525 2638 illa
548 2588 701 2652 descendit,
732 2596 762 2638 ut
785 2589 855 2639 solet
877 2585 975 2654 sagitta
997 2586 1190 2640 conscendere.

153 2657 224 2706 Hinc
243 2655 341 2706 Statius
361 2659 397 2721 (6,
414 2657 487 2717 682.)
505 2656 588 2707 traxit
604 2664 636 2706 ut
652 2658 757 2709 diceret
775 2656 900 2723 dedisco
917 2657 1006 2706 iacto:
1023 2655 1190 2722 similisque

153 2720 265 2774 cadenti
280 2724 385 2776 Crescit
403 2726 434 2775 in
452 2726 593 2776 adversos.
627 2725 754 2794 impulsa
772 2733 866 2787 autern
883 2724 1005 2794 proprie,
1020 2726 1094 2774 sicut
1108 2740 1192 2795 supra

153 2793 254 2861 (320.):
273 2795 431 2858 Incertum,
449 2811 504 2859 qua
523 2796 606 2863 pulsa
627 2813 721 2846 manu.
741 2823 774 2835 -
809 2801 869 2853 857.
887 2793 961 2844 Felle
978 2796 1082 2843 veneni
1088 2814 1096 2859 ;
1116 2809 1190 2846 ama-

150 2862 274 2914 ritudine
292 2864 404 2925 veneni,
420 2879 502 2913 succo
520 2866 615 2914 noxio:
633 2870 681 2915 aut
698 2873 774 2917 certe
791 2857 1009 2934 periphrasticcis
1026 2862 1094 2914 dixit
1110 2879 1191 2916 vene·

152 2949 222 2983 num
246 2940 277 2981 ut
297 2936 346 3001 βία
367 2927 530 3002 Ἠράκλους.
566 2933 672 3000 [Parthi
696 2935 772 2985 enim
795 2933 906 3000 sagittas
922 2947 1027 2983 veneno
1053 2930 1189 2991 oblinunt.

152 3000 280 3051 Lucanus
305 3008 353 3066 (8,
378 3002 471 3062 808.):
501 3003 617 3069 Spicula
643 3020 692 3052 uec
717 3004 777 3054 solo
803 3013 941 3069 spargunt
961 2999 1088 3067 fidentia
1106 3000 1188 3069 ferro

153 3069 294 3133 Stridula,
313 3071 359 3119 sed
379 3073 464 3121 multo
484 3082 652 3122 saturantur
669 3072 723 3122 tela
742 3089 855 3123 veneno.
869 3098 903 3107 -
937 3075 999 3127 658.
1018 3069 1118 3120 Telum
1138 3074 1189 3127 im·

154 3139 319 3188 medicabile
325 3163 334 3200 ,-
354 3141 558 3190 immedicabile
576 3148 616 3191 est
632 3140 709 3190 cuius
725 3140 831 3192 vulneri
847 3139 955 3191 mederi
971 3153 1029 3189 non
1045 3139 1138 3208 possit
1154 3168 1190 3177 -

153 3212 216 3264 859.
234 3206 356 3269 Celeres;
387 3208 537 3276 Hypallege
563 3217 603 3261 est
626 3223 676 3276 pro
701 3210 844 3271 celeriter,
873 3216 902 3260 et
923 3208 963 3259 ita
987 3208 1133 3273 celeriter,
1151 3205 1190 3260 'ut

152 3276 291 3327 transiliat
313 3275 474 3344 priusquam
493 3275 588 3341 exeat]
624 3277 766 3329 Transilit
785 3280 914 3339 umbras,
937 3276 1094 3343 Hyperbole
1118 3277 1189 3345 [est].

153 3344 281 3410 Namque
298 3344 398 3394 umbra
415 3361 525 3416 semper
542 3348 597 3400 tela
615 3347 769 3398 comitatur.
802 3347 873 3397 Hinc
891 3346 943 3411 ait,
968 3342 1112 3399 Transilit
1131 3364 1189 3397 um-

155 3415 221 3467 bras
240 3415 353 3479 sagitta.
387 3412 463 3465 Male
486 3417 562 3467 enim
583 3417 697 3481 quidam
719 3434 807 3467 auras
831 3417 986 3483 legunt-
1026 3421 1089 3474 860.
1107 3414 1189 3467 Talis

154 3500 197 3546 se,·
226 3482 318 3533 taliter
350 3481 477 3533 collecta:
510 3502 542 3534 ex
571 3484 659 3536 nimia
688 3485 792 3537 scilicet
818 3485 909 3535 furiae
931 3485 1132 3551 magnitudine.
1155 3512 1188 3523 —

154 3557 216 3609 863.
235 3550 416 3600 Culminibus
441 3553 576 3616 desertis,·
601 3563 732 3604 noctuam
757 3553 838 3616 dicit,
862 3567 917 3604 non
942 3552 1097 3605 bubonem:
1121 3572 1189 3607 riam

154 3621 207 3673 ait:
230 3619 315 3672 Alitis
341 3621 372 3668 in
395 3637 506 3683 parvae.
541 3622 619 3674 Bubo
643 3631 739 3674 autem
763 3624 852 3672 maior
870 3629 917 3672 est.
934 3648 968 3658 —
1010 3628 1073 3681 864.
1090 3623 1189 3674 Serum

154 3691 248 3752 canit,·
270 3689 362 3752 triste,
387 3689 562 3741 diuturnum:
588 3700 618 3741 ut
635 3697 677 3760 (5,
695 3692 783 3755 sall:
807 3691 927 3755 Sertaque
945 3692 1189 3760 terrificicecr'ne-

155 3770 223 3812 runt
240 3760 337 3810 omina
356 3770 440 3810 uates.
477 3757 630 3814 Sallustius:
652 3760 750 3811 Serum
769 3762 872 3812 bellum
890 3760 922 3809 in
941 3764 1087 3827 augustiis
1106 3762 1190 3831 futu·

156 3844 227 3881 rum.
243 3853 279 3869 ⁸·-
313 3833 374 3884 866.
393 3825 526 3892 Clypeum
545 3831 684 3891 everberat
702 3832 774 3893 alis,·
797 3830 876 3895 signa
901 3837 964 3880 sunt
989 3831 1041 3881 ista
1058 3831 1189 3901 plangen-

153 3896 232 3949 tium.
248 3922 284 3933 ·-
318 3901 379 3953 869.
398 3895 567 3959 Stridorem,·
592 3899 663 3948 vocis
680 3899 783 3950 scilicet
799 3914 906 3948 sonum.
940 3899 1014 3950 Nam
1039 3908 1190 3971 utrumque

154 3965 244 4032 tangit
260 3967 416 4032 augurium,
432 3972 462 4016 et
479 3966 604 4016 oscinum
621 3975 651 4019 et
667 3975 846 4036 praepetum:
863 3967 948 4034 [quod
965 3969 1085 4036 graviter
1103 3981 1192 4042 posset

139 4034 251 4086 .ohesse
268 4032 415 4098 Troianis]
448 4032 492 4085 Sic
508 4035 646 4087 Homerus
670 4036 776 4088 inducit
793 4036 943 4087 Calchante.
979 4038 1033 4104 [(11.
1050 4044 1087 4107 β,
1107 4044 1191 4105 Sibi:
