2288 4514
106 276 174 350 rso
235 298 238 303 ·
368 273 509 339 servu
530 228 901 351 counitur-'smus
956 319 960 327 .

69 448 72 453 '
109 448 1044 497 r——m———m--h-

157 1308 160 1319 ι
312 1200 472 1277 urum
500 1198 655 1309 servu
680 1195 942 1292 nouorum
995 1156 1000 1163 ’

505 1390 743 1447 crimmum
765 1356 777 1393 ⁵

107 1597 195 1689 ru
264 1586 611 1685 vruomn
677 1560 1044 1697 onouorct

458 1796 661 1979 ineu.
717 1806 809 1944 ἠ’

526 2118 712 2141 m

177 2386 202 2440 1.
227 2375 372 2429 Hactenus
388 2381 461 2437 etc.;.
478 2371 553 2429 mire
573 2374 682 2431 itereeit
703 2376 783 2430 illum
800 2390 925 2430 versum:
951 2374 1044 2449 Quid]

110 2453 198 2505 laetus
216 2460 332 2516 segetes,
356 2460 409 2512 quo
435 2445 526 2495 sidere
542 2457 652 2496 terram.
686 2447 718 2498 In
741 2447 794 2498 hoc
817 2454 913 2498 eutem
928 2447 999 2500 libro
1014 2462 1044 2500 eu

107 2529 155 2573 tur
171 2517 305 2570 culturum
323 2513 383 2581 egri
400 2513 511 2577 consiti,
527 2513 574 2580 qui
591 2515 717 2567 omnium
735 2516 869 2566 erborsun
888 2518 1007 2570 continet
1018 2532 1044 2582 ee

108 2590 145 2642 Et
161 2586 303 2639 sciendum
315 2591 355 2634 est
368 2581 511 2647 Virgilium
523 2583 590 2635 vites
603 2600 712 2652 quoque
725 2585 838 2636 arbores
850 2584 953 2637 dicere.
988 2586 1019 2636 Ut
1030 2588 1044 2649 (i

108 2657 168 2712 Nec
186 2658 278 2706 secius
298 2652 389 2703 omnis
407 2652 439 2700 in
458 2667 579 2717 unguem
598 2654 748 2704 arboribus
771 2655 873 2722 positis
892 2667 963 2706 secto
980 2652 1044 2706 vini

110 2726 233 2796 quadret.
268 2723 304 2774 Et
320 2719 477 2780 Hactenus,
501 2727 531 2770 ut
547 2721 627 2772 multi
643 2723 749 2786 volunt,
773 2739 828 2773 una
854 2725 918 2790 pars
941 2719 1044 2775 orationi

109 2805 138 2850 et
161 2801 203 2846 est
218 2790 382 2844 adverbium
405 2786 561 2854 significem
584 2789 734 2859 hucusque.
767 2790 819 2841 Alii
837 2791 912 2859 duee
929 2800 1013 2860 partes
1027 2803 1044 2837 u

110 2878 265 2934 pronomen
285 2868 313 2911 et
329 2857 502 2910 adverbium:
521 2858 602 2908 ursit
618 2866 696 2909 tenus
714 2858 781 2910 hac:
796 2859 881 2924 sicut,
905 2859 941 2910 Et
957 2860 1044 2912 Crurur

108 2948 160 2988 nus
176 2948 193 2982 a
210 2927 440 2997 mentopeleerie
459 2926 586 2991 pendent.
621 2925 673 2978 Sed
690 2927 788 2978 melius
805 2937 846 2979 est
862 2944 948 2979 uuem
965 2936 1044 2996 parter

75 3014 77 3019 ·
108 3003 202 3069 cipere
226 2998 356 3050 orationis
379 2994 531 3046 Hactenus.
571 2994 669 3045 Sidera
694 2997 780 3060 coeli3
811 2995 982 3063 pleonasmos
1003 3003 1044 3055 esu

108 3070 184 3122 euim
202 3068 280 3129 alibi,
304 3066 356 3116 nisi
374 3064 402 3115 in
420 3060 497 3114 coelo
515 3071 577 3113 sunt
593 3063 692 3115 sideru.
708 3090 740 3101 -
775 3073 801 3121 2.
818 3064 941 3130 Bacchef
962 3067 1044 3117 invent

107 3151 160 3209 pro
177 3137 275 3187 vitibus
292 3132 396 3201 posuit,
418 3131 452 3184 de
471 3131 569 3200 quibus
593 3126 652 3184 κατ’
668 3129 764 3199 ἔξοχήν
785 3133 814 3183 in
837 3133 890 3185 hoc
913 3135 983 3186 libro
1003 3133 1044 3201 lor

108 3221 175 3258 nam
192 3207 257 3256 vites
274 3201 439 3270 praecipuae
456 3206 532 3264 sunt,
555 3200 619 3252 licet
635 3208 662 3258 et
678 3204 795 3253 alierum
813 3201 947 3259 orborum
962 3203 1037 3256 facist

108 3271 346 3326 memorationem.
380 3267 513 3320 Necnon
531 3270 673 3320 silvestria
693 3283 782 3320 tecum
804 3269 950 3338 Virgu1m5
972 3272 991 3325 i.
1005 3268 1044 3322 ei

107 3341 211 3393 eundae
234 3338 360 3402 arbores,
383 3338 481 3404 quibus
504 3340 651 3408 praecipue
675 3338 705 3390 in
728 3338 805 3390 Italia
829 3340 896 3392 vites
920 3341 1044 3392 cohaereri

106 3417 132 3468 3.
152 3409 242 3460 Tarde
261 3408 409 3457 crescentis
426 3407 535 3469 olivae,·
559 3424 603 3459 res
626 3407 701 3459 enim
724 3408 772 3460 diu
790 3406 922 3460 durature
947 3409 1042 3462 terdius

105 3476 206 3531 scit-
240 3482 265 3534 4.
283 3474 347 3524 Huc
364 3486 442 3543 pater
460 3471 610 3540 oLenoee3
629 3484 717 3543 peter,
731 3476 797 3527 licet
813 3478 943 3542 generale
959 3480 993 3530 sit
1007 3492 1044 3527 om

105 3548 238 3609 deorum,
267 3552 360 3596 tamen
387 3544 499 3612 proprie
521 3544 625 3597 Libero
655 3561 764 3614 semper
786 3546 932 3609 cohaeret:
959 3544 1044 3598 nem]

127 3624 185 3668 ater
202 3621 321 3665 vocatur.
355 3610 485 3662 Lenaeus
508 3621 602 3665 eutem
625 3608 680 3665 dno*
704 3609 753 3665 τοῦ
776 3613 863 3679 (codd.
883 3614 963 3673 PBG.
979 3612 1033 3682 τῆς)

105 3630 206 3736 dicitur
222 3683 241 3734 i.
259 3701 282 3734 e.
299 3699 315 3732 e
331 3681 399 3732 lecu.
435 3681 508 3731 Nem
526 3684 598 3748 quod
615 3682 737 3734 Donatus
755 3682 821 3735 dicit
837 3681 873 3734 ab
887 3698 941 3750 eo,
968 3684 1035 3754 quod

105 3761 164 3807 tem
186 3751 320 3816 deleniat,
342 3764 399 3802 nou
420 3747 559 3820 procedit:
581 3768 633 3803 nec
658 3751 734 3803 euim
756 3757 845 3822 potest
866 3751 1006 3806 Graecum
1027 3770 1043 3805 u

133 3918 161 3969 ¹)
189 3920 238 3960 Post
251 3918 336 3972 quadret
351 3917 376 3955 G.
395 3915 483 3966 Quidem
498 3918 632 3967 quaestionem
648 3926 762 3968 opponunt,
777 3931 848 3969 quere,
862 3931 908 3959 cun
923 3920 949 3959 de
964 3921 1033 3961 ritibus

190 3977 259 4016 debuit
272 3976 349 4020 dicere,
369 3975 393 4012 eb
413 3974 517 4012 erboribus
536 3975 613 4024 eoepit,
632 3976 678 4026 quie
696 3976 717 4013 iu
731 3977 787 4013 lulio
802 3976 823 4015 in
837 3976 943 4018 uberum
955 3980 1040 4031 pendent

189 4041 208 4071 et
223 4046 262 4071 uon
277 4036 360 4083 possunt
373 4043 416 4071 eus
431 4030 494 4078 vites,
508 4030 547 4069 eui
560 4030 615 4082 prius
630 4033 710 4072 erbores
724 4032 804 4073 tuerint.
818 4052 843 4065 -
