2288 4514
16 254 54 269 ”
118 291 182 359 12⁶
381 290 524 356 sanun
546 292 904 359 connaurmms

96 494 99 499 ·
117 492 214 530 amare
231 476 373 531 Menalcas
384 478 503 534 dixerit:
519 479 604 532 Solus
622 482 678 535 tibi
684 470 777 535 'certet
789 481 944 549 Amyntas:
960 475 1024 550 quoi
1035 482 1057 529 tu

9 565 12 573 ¹
117 546 184 665 puis
200 548 247 600 hic
264 565 361 617 aspere
377 550 499 616 accepit,
514 550 562 602 ille
580 551 662 618 paulo
680 557 852 620 postcurrat,
869 551 975 610 dicens:
994 546 1057 598 ten

131 616 318 684 inquantum
335 619 455 686 pollenti
473 619 545 670 cedit
563 619 664 672 olivae.
677 652 710 663 -
745 626 788 677 10.
804 618 946 687 Phyllidis
964 614 1057 686 igursyss

116 684 149 737 lis
171 685 291 756 [Sitonis
314 685 389 752 lilia]
417 686 516 757 regina
539 687 682 740 Thracum
704 688 765 741 fuit.
805 684 890 740 Haec'
904 686 1057 756 Demophoot

115 753 218 808 Thesei
233 756 336 820 tilium,
352 771 451 824 regem
467 748 686 824 Atheniensium,
701 758 866 809 redeuutem
882 757 918 809 de
935 756 1057 822 Troiano}

115 823 154 875 lio
171 824 281 891 dilexit,
298 833 327 877 et
343 825 373 876 in
391 825 553 892 coniugium
571 841 653 876 suum
670 826 785 894 rogavit.
819 827 867 878 llla
885 826 939 890 ait,
955 833 1014 876 ante
1027 838 1049 874 ss

116 900 248 944 naturum
269 910 333 946 rem
350 909 444 945 suam:
468 902 497 945 et
519 894 610 946 sicud
634 893 826 962 eius.nuptias
842 886 1021 946 reversuruin.
1046 886 1057 941 l

116 969 176 1014 ctus
192 962 286 1032 itaque
303 980 369 1014 cum
386 964 524 1014 tardaret:
542 963 643 1030 Phyllis
661 971 688 1014 et
705 963 807 1014 amoris
824 960 1014 1033 impatientia,
1026 958 1050 1011 'at

114 1031 154 1082 ris
171 1031 306 1102 impulsu,
329 1030 403 1101 quod
420 1049 449 1083 se
466 1041 589 1101 spretam
608 1031 687 1097 (esse)
705 1031 853 1097 credebat,
875 1033 976 1099 laqueo
990 1028 1057 1079 vitan

118 1098 170 1166 ait,
192 1102 228 1152 et'
244 1117 374 1152 conversa
401 1108 442 1152 est
464 1100 495 1152 iu
519 1101 658 1152 arborem⁴
669 1099 848 1168 amygdalum
865 1100 926 1151 sine
943 1096 1020 1151 foliis.
1043 1094 1057 1145 i

27 1206 31 1213 -
107 1184 239 1221 'reversus
261 1169 462 1238 Demophoon,
492 1169 604 1236 cognita
627 1185 673 1231 re,
702 1169 761 1220 eius
786 1168 927 1243 amplexus
951 1174 992 1218 est
1005 1170 1057 1215 'tra

77 1264 86 1273 ·
115 1252 202 1304 qliae,
224 1238 298 1290 velut
319 1238 412 1306 sponsi
435 1236 550 1289 sentiret
565 1236 726 1300 adventum,
749 1237 825 1305 folia,
840 1237 941 1288 emisit.
973 1233 1057 1286 Unde:

116 1301 204 1374 oilla
221 1315 284 1358 sunt
301 1308 374 1358 dicta
391 1324 408 1359 a
425 1305 561 1372 Phyllide,
585 1322 657 1374 quae
681 1312 763 1358 antea
780 1303 886 1360 πέταλα
903 1303 1057 1358 dicebantur.

115 1375 228 1428 Ovidius
252 1375 282 1426 in
298 1374 562 1444 Metamorphoseon
587 1372 674 1427 libris.
688 1398 726 1413 -
760 1371 1057 1433 samosatenis

114 1442 161 1495 hic
186 1444 325 1497 Cretensis
348 1444 505 1508 sagittarius
529 1443 597 1508 fuit,
621 1445 727 1512 [comes
748 1443 891 1510 Herculis,
913 1444 954 1494 ita
977 1440 1057 1510 petitu

22 1556 25 1567 .
112 1515 184 1564 ictus
202 1512 260 1565 eius
276 1528 332 1564 non
349 1506 500 1565 falleretur.
535 1512 662 1581 Namque
679 1511 781 1593 positos
798 1528 883 1582 supra
899 1511 990 1587 cupite
1005 1509 1057 1560 hon

114 1582 211 1638 anulos
228 1581 399 1647 transiebat,
422 1581 535 1651 capillos
550 1579 661 1652 spiculis
676 1579 841 1648 sagittarum
857 1580 1018 1651 rumpebat,
1035 1592 1057 1627 sa

114 1649 174 1703 sine
196 1651 273 1702 ferro
289 1650 384 1718 positis
401 1667 433 1702 ex
449 1649 563 1702 adverso
587 1648 1057 1718 gladiorum!lancearumvemucrt

94 1716 255 1783 ¹findebat]
289 1720 374 1771 Cuius
397 1735 462 1770 cum
485 1718 575 1769 tilium
599 1719 683 1769 draco
706 1718 860 1782 invasisset,
883 1724 961 1771 tanta
979 1711 1057 1770 anei

115 1788 258 1858 sagittam,
281 1796 324 1853 ut,
356 1806 389 1842 ea
413 1802 527 1838 currens
550 1786 580 1838 in
603 1787 736 1855 serpentis
760 1787 929 1855 deligeretur
952 1787 1054 1838 uilnera

21 1866 29 1879 ·
112 1858 244 1927 transiret
259 1855 289 1908 in
306 1857 402 1908 filium.
438 1857 539 1924 iurgia
556 1855 644 1907 Codri
650 1876 659 1919 ς
677 1855 785 1907 Codrus
802 1857 856 1907 dux
867 1854 1057 1908 Atheniensiuu

61 1982 66 1989 .
114 1927 163 1995 qui
186 1934 247 1977 orto
271 1926 349 1988 bello,
367 1927 439 1978 inter
463 1925 590 1976 Laconas
614 1931 642 1977 et
658 1924 855 1982 Athenienses.
878 1941 944 1976 cum
968 1936 1057 1991 respon

114 1995 273 2057 oraculum,
295 1995 356 2045 illos
381 2008 460 2063 posse
482 1993 593 2046 vincera
618 2008 740 2067 quorum
764 1994 817 2045 dux
837 1992 886 2061 [ab
912 1994 1032 2045 hostibus
1051 1991 1057 2041 l

114 2064 234 2127 occisus,
258 2069 286 2114 et
308 2063 400 2115 hostes
424 2062 540 2113 scientes
564 2080 581 2114 a
599 2062 692 2113 Codro
717 2060 922 2127 abstinerent‚]
947 2063 1057 2130 (perisset

110 2131 174 2183 tun
194 2130 295 2182 humili
312 2133 452 2198 proiectus
469 2138 510 2181 est
527 2130 561 2183 ad
578 2129 701 2182 hostium
718 2131 809 2182 vicina
825 2131 963 2183 tentoria:
981 2139 1009 2184 et
1022 2128 1056 2181 illi

101 2201 160 2269 ‚gio
179 2214 225 2250 eos
248 2200 279 2251 in
296 2216 375 2252 suam
392 2199 508 2253 caedem
532 2199 684 2267 instigavit:
714 2207 742 2253 et
759 2218 776 2251 a
792 2199 867 2250 nullo
886 2200 1011 2267 agnitus,
1030 2199 1057 2250 ia

109 2285 178 2320 rum
202 2268 329 2329 oraculo;
359 2271 444 2337 [nam
466 2269 645 2320 Athenienses
670 2284 703 2320 eo
728 2267 832 2339 praelio
858 2267 1011 2335 vicerunt]
1032 2291 1057 2304 -

111 2337 223 2388 (urtice
235 2336 323 2406 fugi,-
347 2337 396 2389 ubi
420 2337 495 2391 enim
513 2336 610 2388 debuit
632 2336 723 2405 magis
746 2331 864 2388 ruiticus
880 2337 1023 2390 scribere?
1036 2363 1057 2374 -

107 2405 267 2456 Modolans
293 2409 419 2472 alterna)
450 2406 603 2458 secundum
632 2405 794 2473 rhythmum
819 2421 999 2473 componens.
1037 2405 1057 2454 A

108 2482 221 2538 nutem,
243 2475 332 2540 varia,
357 2483 471 2545 propter
488 2474 637 2525 musicam:
660 2475 736 2525 cuius
753 2490 835 2524 sonus
853 2475 944 2525 varius
967 2475 1057 2541 inveni

108 2543 215 2612 pedum
232 2542 459 2604 dissimilitudine.
493 2543 634 2607 Significat
650 2551 752 2608 autem,
769 2550 947 2594 cantaturum
962 2561 991 2595 sc
1008 2543 1057 2613 epis

108 2619 140 2663 ct
158 2607 325 2681 epitaphion.
360 2613 432 2662 Nam
447 2613 592 2677 epicedion
610 2619 650 2663 est
662 2613 741 2678 quod
759 2612 860 2662 dicitur
877 2613 1012 2666 cadavere
1028 2629 1057 2664 nt

107 2683 225 2751 sepulto.
280 2680 329 2733 Ut:
363 2681 526 2732 Extinctum
560 2679 697 2748 nymphae
729 2681 839 2731 crudeli
864 2680 974 2748 funere
1004 2682 1057 2749 Day

107 2749 136 2799 12³
155 2749 284 2815 itopbion
302 2754 395 2802 autem
419 2758 481 2820 post
497 2751 666 2817 completam
689 2749 859 2818 sepulturam
885 2750 1001 2818 dicitur,
1023 2759 1055 2802 ut

109 2768 198 2886 phiris
216 2837 265 2886 ego
286 2821 317 2870 in
335 2820 419 2870 siluis
438 2816 505 2869 binc
525 2836 611 2886 usque
631 2819 668 2869 ad
692 2819 794 2868 sideru
813 2829 906 2869 notus.
926 2843 959 2857 -
1002 2825 1046 2878 16.

108 2890 187 2940 salix
206 2896 344 2955 quantum
362 2889 480 2956 pallenti
498 2889 571 2937 cedit
589 2887 697 2950 olivae,-
720 2886 829 2937 rusticis
853 2887 941 2938 utitur
967 2904 1057 2956 compi

107 2957 198 3010 ribus.
233 2957 314 3009 Solle
332 2967 427 3008 autem
451 2956 580 3008 vilissima
597 2964 638 3008 est
654 2956 756 3020 arbor,
778 2955 865 3007 olivae
882 2960 1057 3028 comparatio

107 3032 153 3083 17.
177 3025 330 3090 Saliunca5
363 3026 469 3078 herbae
492 3040 592 3092 genus,
616 3040 701 3092 quam
726 3026 916 3075 orcitunicom
940 3026 1024 3096 vulgo
1049 3045 1057 3076 r

107 3095 249 3162 [Κασπίῃ1
268 3093 316 3144 ubi
334 3111 413 3147 rosae
430 3091 599 3156 nascuntur.]
615 3117 651 3129 —
691 3098 734 3150 18.
752 3093 866 3144 Iudicio
887 3105 1003 3158 nostro;
1023 3113 1057 3149 ac

107 3170 199 3213 cerat:
225 3162 297 3231 Quid
315 3163 362 3214 ulii
379 3162 513 3224 sentiunt,
535 3161 649 3226 videris,
670 3160 710 3229 [ot
728 3161 799 3213 bene
816 3162 963 3228 satisfecit,
988 3166 1057 3235 inq

107 3231 260 3301 prehensus
284 3238 338 3297 est,
362 3231 435 3299 quod
453 3230 552 3297 Mopso
570 3231 719 3296 Amyntam
743 3239 938 3300 comparasset.
954 3258 991 3270 -
1036 3241 1057 3292 15

107 3301 187 3362 sine,·
213 3298 326 3363 omitte,
348 3307 394 3350 ut:
418 3298 525 3349 Desine
542 3297 696 3349 Menalios.
732 3298 885 3351 Sallustius:
908 3299 1023 3353 Bellum
1050 3323 1057 3369 a

107 3379 200 3435 posset
227 3368 442 3418 conditionibus
472 3367 635 3432 desineret]
659 3393 694 3404 -
745 3374 788 3422 20.
813 3367 981 3419 Extinctum
1014 3389 1055 3439 ny

108 3437 218 3488 crudeli
233 3436 335 3503 funere
353 3435 508 3501 Daphnim
525 3435 606 3486 multi
624 3435 718 3486 dicunt
734 3435 896 3504 simpliciter
913 3437 968 3488 hoc
986 3438 1051 3492 loco

106 3506 133 3558 ri
151 3504 283 3573 Daphnin
300 3504 440 3572 quendam
465 3511 619 3585 pastorem,
643 3506 737 3572 [quom
761 3512 852 3554 mater
876 3521 926 3554 sua
951 3522 1057 3579 compr.

104 3572 264 3639 Mercurio,
289 3572 413 3624 etenira
429 3572 545 3637 ah1ecit,
567 3573 642 3623 hunc
658 3573 783 3623 Pastores
808 3573 978 3626 invenerunt
1004 3578 1057 3631 ints

134 3714 172 3765 10)
202 3719 240 3756 Vv.
257 3717 333 3757 Silonis
342 3714 392 3763 filiu
406 3727 444 3752 om.
465 3714 532 3752 Gncll'.
546 3717 561 3752 l.
575 3716 598 3753 ll.
619 3717 642 3753 n.
657 3716 682 3753 L.
696 3716 721 3752 R.
739 3717 762 3753 V.
777 3718 824 3754 Vos.
844 3718 914 3767 Stepb.
935 3720 1017 3770 Phylli,
1033 3723 1057 3774 ιιι

192 3777 337 3813 Crustumenrc
351 3771 403 3816 lilia,
417 3777 441 3808 ut
455 3771 483 3808 ait
497 3771 603 3815 Lutatius,
623 3771 666 3808 siue
681 3771 743 3815 alius,
764 3773 797 3823 qui
812 3782 929 3822 argumenta
945 3777 1021 3817 Ovidii
1035 3792 1057 3818 en

197 3835 255 3871 Voss.
274 3851 300 3862 -
319 3830 369 3867 Post
387 3840 407 3864 v.
427 3827 519 3865 arborem
540 3830 608 3865 llurm.
635 3828 702 3865 addit:
723 3829 770 3874 (sui
788 3833 875 3868 nummu
896 3834 910 3870 i.
925 3832 968 3879 ω)
992 3848 1046 3885 qun

195 3888 261 3926 Gur-ll.
276 3888 291 3924 l.
306 3887 329 3923 11.
349 3886 374 3922 B.
388 3885 414 3922 Ῑι.
430 3885 453 3920 b'.
468 3885 494 3920 R.
509 3885 556 3922 vos.
572 3891 592 3922 et
605 3886 659 3922 Edu.
679 3884 705 3920 al.
721 3884 796 3935 (nan).
826 3887 881 3925 Anto
903 3901 922 3924 v.
938 3901 1040 3929 conve-m

194 3945 240 3983 add.
255 3944 375 3992 unf'utrbue
389 3939 555 3989 (informatione)
571 3941 660 3979 «tecnon

136 4021 173 4071 19)
202 4023 271 4071 Stspb.
292 4028 311 4059 et
331 4020 357 4057 al.
375 4021 436 4060 cessa
456 4027 475 4057 te
489 4006 605 4057 erimardo
627 4027 647 4056 rt
661 4019 703 4057 alin
719 4020 804 4057 diceudo
819 4029 838 4058 et
852 4021 979 4062 subanditur
995 4026 1057 4068 obern

194 4079 275 4127 disere,-
289 4075 371 4128 reliquia
386 4076 470 4116 omissis.
500 4073 590 4115 Sallustii
603 4074 673 4126 trapa
690 4088 708 4113 r.
724 4076 799 4114 litator.
814 4076 840 4122 6,
855 4079 890 4117 21.
910 4080 985 4118 Wm.
