2288 4514
242 314 852 396 anIRGIL.BUCOL.X,4-11·
886 338 891 343 '
996 320 1064 399 '163

73 518 165 564 anos-3
191 501 269 554 varia
284 503 360 557 enim
376 503 469 572 opinio
487 511 535 557 est.
576 504 649 557 Nam
666 504 713 556 alii
730 503 824 556 dicunt
839 506 873 557 ad
890 508 1061 578 Arethusam,
1084 508 1093 527 ⁸

50 593 58 632 t
77 570 190 637 opham
206 568 321 638 Siciliae,
336 571 473 639 Alpheum
490 572 606 624 fluvium
624 573 658 623 de
675 574 753 633 Elide
770 575 872 641 (Guelf.
889 576 909 627 Ι.
924 578 1059 641 ‘Alpheum

37 639 48 650 “’
61 642 76 676 ἰ
92 640 130 703 ἐ,-
149 639 286 693 Guell.11.
300 641 336 694 al.
348 641 428 708 Alph.
440 642 521 702 elide)
535 644 628 693 venire
641 660 691 712 per
708 643 811 695 maria:
828 645 979 697 secundum
986 650 1060 716 tyuos

65 706 116 773 i]
136 710 180 775 (A.
198 710 322 777 Milli)
345 710 424 762 dixit:
446 710 581 776 Alpheum
600 710 684 780 sarna
702 724 742 763 cst
766 710 820 762 buc
837 712 931 764 Elidis
948 734 1059 768 amnem

45 791 50 806 ’
71 778 165 829 'cultas
183 780 273 845 egisse
290 782 354 829 vics
372 781 466 830 subter
484 797 568 831 snare.
601 780 652 831 Alii
670 779 777 845 dicunt,
793 781 883 851 ipsam
895 785 1078 843 Arethusam»,

59 871 78 888 α
96 846 133 905 ,in
150 847 260 899 fontem
277 856 413 899 :usitatam
425 849 562 918 Alpheum
577 849 686 915 fugere,
703 857 733 901 et
749 848 782 901 de
796 850 873 901 Elide
890 854 926 903 ad
938 851 1059 907 Siciliam

60 914 89 954 -'
113 940 135 965 ⁴.
159 916 235 983 quod
255 932 331 967 nunc
355 924 396 967 est
418 924 533 968 secutus.
567 914 648 984 [Sane
671 916 770 968 dicitur
788 919 909 985 quodam
931 929 1060 991 tempore

51 1035 53 1040 ,
108 1000 125 1035 a
156 1000 241 1037 aurea
270 985 299 1035 in
319 984 455 1037 Arethusa
484 986 594 1036 inventa
619 1001 703 1051 quam
728 984 932 1054 Olympionices
961 989 991 1043 in
1013 992 1059 1044 At

50 1075 60 1092 κ
84 1068 133 1103 um
150 1053 272 1119 miserat
288 1060 316 1104 et
333 1070 398 1105 oum
413 1054 558 1121 Olympiae
570 1054 674 1106 hostiae
686 1053 847 1121 caeduntur,
863 1073 945 1108 cruor
958 1076 1058 1112 earum

80 1122 112 1173 ΔΙ
151 1138 218 1173 eum
239 1122 343 1174 inlusus
366 1122 396 1173 in
419 1122 584 1174 Arethusam
608 1122 669 1175 exit
721 1122 856 1188 Sicanos,
881 1125 971 1178 Sicilia
993 1137 1059 1184 anta

58 1219 74 1231 =·
89 1208 134 1243 ma
151 1190 240 1255 dicta,
256 1208 275 1243 a
290 1188 388 1253 Sicano
405 1199 496 1243 terrae
513 1189 589 1255 lilio]
607 1218 641 1228 -
675 1197 700 1250 5.
717 1190 807 1263 Doris
825 1212 941 1260 atnam,-
965 1205 1056 1251 mater

50 1267 62 1315 ἰ
80 1260 220 1331 pharum
236 1266 291 1312 est:
314 1276 397 1327 quam
414 1276 467 1327 pro
484 1258 556 1311 mari
573 1259 675 1328 posuit,
696 1260 751 1327 [vel
766 1260 848 1313 Doris
866 1262 971 1315 Oceani
993 1266 1058 1333 iilia,

49 1341 60 1366 ’ν
73 1328 125 1379 iux
141 1326 249 1393 Nesei]
265 1355 299 1365 —
333 1334 359 1387 6.
376 1328 534 1390 Sollicitos,
559 1328 728 1393 sollicitatos,
750 1330 845 1397 plenos
868 1333 1057 1387 sollicitudinis

110 1396 265 1465 Cytheridis
294 1397 464 1461 abscessum,
492 1412 578 1465 quam
607 1397 772 1464 Lycoridem
802 1408 888 1451 vocat.
934 1402 1057 1455 Fuerunt

53 1462 69 1500 'n
101 1490 113 1508 ιι
145 1481 201 1517 nno
230 1473 355 1535 tempore
379 1466 484 1518 nobiles
507 1464 667 1517 meretrices
690 1473 760 1517 tres:
789 1468 929 1534 Cytheris,
960 1469 1056 1539 Origo,

55 1557 95 1574 ἰ·
130 1534 183 1587 ula.
229 1535 358 1587 Horatius
387 1534 489 1603 (Serm.
515 1541 545 1597 1,
569 1539 618 1599 10,
641 1533 715 1595 77.):
745 1534 869 1602 Explosa
895 1532 1054 1591 lirluscula

26 1602 65 1654 ‘7
80 1606 108 1655 r'r,
146 1604 226 1655 Idem
248 1602 331 1671 (ibid.
355 1610 386 1667 1,
409 1612 441 1668 2,
465 1603 540 1667 55.):
567 1601 602 1652 Ut
625 1603 766 1669 quondam
790 1605 922 1657 Marseus
946 1621 1056 1661 amator

50 1672 177 1741 riginis,
203 1673 270 1739 illc,
292 1670 352 1739 Qui
374 1674 498 1740 patrium
524 1673 625 1722 mimos
651 1672 737 1721 donat
754 1672 937 1743 fundumque
954 1678 1053 1727 larem-

28 1757 33 1768 ν
78 1776 79 1781 ,
104 1767 138 1780 -
171 1750 198 1799 7.
221 1740 330 1807 Simas,-
354 1740 496 1792 Graecum
522 1748 562 1791 est
586 1755 703 1791 nomen:
726 1740 744 1791 i.
763 1760 787 1792 e.
811 1744 910 1809 pressis
932 1745 1054 1798 naribus.

15 1807 31 1824 ⁸
49 1815 83 1850 '¹¹-
119 1816 149 1863 εἴ
164 1810 257 1861 simias
273 1810 403 1863 dicimus:
427 1811 500 1877 quod
518 1808 662 1878 epitheton
679 1809 841 1860 Theocritus
865 1814 914 1875 (7,
930 1814 983 1872 80.)
1007 1814 1055 1866 dat

73 1903 74 1906 ¹
102 1878 174 1947 'pue
196 1879 308 1939 apibus:
341 1872 405 1947 [Ὧι
420 1878 514 1947 clivia
531 1875 563 1930 αἱ
578 1883 655 1945 σιμαὶ
678 1874 830 1946 λειμανόθε
847 1884 949 1950 φέρβσν
971 1878 1055 1937 ιὀῒσαι

44 1965 45 1970 ’
155 1946 183 2001 s's
206 1944 301 2001 ἁδεῖαν
321 1945 455 2017 pelamis
477 1944 588 2001 ἅνθισσι
609 1945 738 2015 μέλισσαι.
785 1948 822 1999 Et
844 1952 937 2002 dicens
965 1952 1054 2007 simae

112 2026 142 2071 ta
157 2018 293 2085 capellae,
315 2018 362 2069 hic
378 2021 490 2085 potitam
509 2018 586 2086 quasi
602 2026 744 2084 pastorem
760 2017 871 2085 posuit]
888 2051 920 2061 «-
949 2026 981 2077 -8,
998 2021 1053 2072 Rc-

50 2088 160 2139 'ndens
183 2090 281 2139 omnia
307 2088 410 2149 silvae,
434 2103 485 2154 per
501 2087 594 2150 Echo,
615 2086 633 2136 i.
654 2102 677 2137 o.
699 2090 771 2137 vocis
793 2087 979 2139 imitationem
1001 2107 1052 2143 nos

53 2154 235 2223 potamur:
256 2157 299 2224 [et
320 2156 393 2207 mira
417 2155 551 2208 brevitate
574 2170 667 2206 sensus
689 2154 770 2206 huius
792 2171 884 2206 versus
907 2158 1052 2227 explicabis

74 2222 86 2307 J
115 2223 197 2293 Quas
215 2242 346 2288 nemora,-
363 2224 439 2293 [hinc
456 2242 571 2276 carmen
587 2224 700 2275 videtur.
735 2223 795 2289 Est]
812 2225 948 2291 quaedam
961 2227 1053 2279 Theo·

57 2292 80 2336 ,“.
102 2298 148 2359 (1,
162 2292 221 2357 66.)
248 2294 344 2361 ecloga
369 2294 457 2359 (fuit),
479 2294 508 2344 in
527 2310 581 2361 qna
597 2307 659 2342 suos
677 2309 785 2344 amores
802 2293 907 2345 deflere
925 2294 1051 2363 Daphnis

66 2388 67 2400 ι
107 2364 176 2427 Μ,
198 2362 253 2443 [vel
270 2370 301 2414 ut
316 2361 378 2426 alii,
401 2361 515 2429 quidam
537 2368 631 2432 pastor
647 2360 777 2429 Daphnin
795 2377 891 2414 amore
908 2373 1052 2415 mortuum

62 2439 74 2472 d
94 2430 124 2517 t]
156 2432 245 2483 Hunss
261 2428 374 2483 omnem
392 2431 520 2483 ordinem
537 2431 572 2482 ad
588 2431 660 2482 banc
678 2429 801 2495 eclogam
825 2432 976 2484 transtulit:
1001 2429 1053 2487 ΙΙσῖ

104 2494 149 2568 cp’
171 2491 236 2565 ἧσθ’
259 2492 310 2551 litu
332 2495 435 2567 Δάφνις
457 2498 582 2561 ἐτάσσετο,
607 2492 648 2551 ml
671 2494 745 2549 πόκα
762 2496 895 2567 Νύμφαι,
915 2493 961 2553 Ἢ
981 2500 1052 2556 catal

47 2587 60 2614 t·
84 2570 131 2623 ad
145 2566 360 2637 antistaret,
379 2564 483 2634 ἢκατσὶ
495 2565 598 2623 illudo).
612 2594 645 2604 -
680 2572 705 2623 9.
722 2567 817 2620 Saltus
836 2569 956 2619 habuere
973 2574 1051 2637 puel.

83 2640 226 2703 Naiadas,
248 2638 389 2709 Nymphas
410 2638 572 2708 simpliciter
595 2635 770 2705 accipiamus.
802 2638 876 2688 Nam
898 2637 921 2688 si
937 2641 1051 2706 propria

49 2737 63 2746 »ν
77 2732 86 2752 ¹«
115 2717 195 2774 stur,
220 2707 342 2760 Oreades
359 2706 472 2760 diceret.
506 2707 633 2773 Naipdcs
650 2704 742 2769 enim,
764 2706 897 2757 fontium:
925 2707 1051 2761 Orcades

95 2778 176 2843 nm,
200 2776 350 2845 [Dryades
372 2775 517 2842 arborum]
540 2773 686 2844 Nymphae
709 2781 780 2825 sunt.
814 2774 884 2826 Sane
902 2774 966 2841 quia
983 2777 1050 2828 dixi-

33 2867 74 2886 :n
97 2848 210 2901 eudem
226 2863 284 2897 esse
301 2846 455 2915 Nymphas,
478 2862 545 2914 quas
563 2840 668 2911 (etiam)
685 2841 792 2907 Musas,
816 2843 922 2893 videtur
937 2844 991 2895 hoc
1008 2845 1049 2896 di·

44 2941 61 2956 -2
92 2954 102 2983 ,
122 2914 204 2985 qtaia,
224 2914 251 2965 si
266 2930 332 2966 cum
353 2915 413 2984 ipso
430 2914 544 2966 fuissent
559 2913 670 2975 Musae,
691 2912 710 2962 i.
727 2929 767 2976 e.,
789 2910 811 2961 si
829 2912 967 2963 dedissent
983 2928 1048 2983 ope-

31 3011 46 3030 ν
65 3010 75 3026 11
97 2982 250 3037 scribendis
269 2983 452 3055 carminibus,
475 2999 532 3033 non
548 2980 689 3033 incidisset
712 2978 742 3029 in
765 2986 855 3031 tantas
872 2982 975 3033 amoris
992 2998 1047 3038 aa·

27 3076 100 3104 ton:
113 3070 133 3096 ,·
156 3052 201 3105 vel
223 3069 274 3103 cur
295 3068 361 3104 eum
377 3059 518 3104 amantem
534 3050 632 3101 Musae
647 3049 831 3113 deseruerint,
853 3065 917 3099 essm
934 3060 1049 3117 propter

101 3122 162 3173 ium
179 3138 278 3175 earum
294 3129 364 3173 esset
379 3120 499 3173 antistes.
517 3145 551 3158 -
593 3124 635 3175 10.
652 3117 792 3183 indigam
817 3117 860 3170 vel
876 3121 1049 3186 meretricio,

31 3244 34 3249 ,
77 3206 187 3259 magno.
221 3191 296 3242 Nam
313 3197 342 3242 et
356 3190 461 3241 Ennius
478 3187 531 3253 ait,
555 3187 694 3253 indignas
712 3198 811 3237 turres.
844 3186 865 3235 Ι.
882 3205 906 3239 e.
923 3203 1047 3257 magnas.

16 3259 17 3262 ’
67 3258 83 3271 “’
107 3262 245 3329 indigno,
265 3274 322 3311 non
346 3259 411 3326 quia
428 3257 554 3325 Cytheris
576 3255 692 3324 pulchra
714 3269 770 3305 non
788 3255 887 3319 fuerit,
911 3256 960 3308 sed
982 3258 1048 3326 quia

15 3329 21 3350 '¹
83 3344 113 3380 ns
134 3330 171 3381 ab
195 3346 229 3381 ea
251 3335 359 3395 spretus
382 3327 436 3392 sit]
455 3353 488 3363 -
529 3332 571 3388 11,
594 3322 669 3375 Nom
695 3340 781 3388 neque
805 3322 943 3375 Parnassi
966 3328 1047 3377 vobis

73 3414 91 3449 s
107 3416 173 3449 nam
191 3415 280 3466 neque
296 3396 382 3448 Pindi
389 3419 399 3463 ,·
422 3397 569 3453 Parnassus
586 3408 666 3445 mons
682 3392 826 3459 Boeotiae,
840 3392 1048 3447 PindusThes·

38 3586 73 3647 l)
95 3592 134 3633 Pro
151 3592 299 3645 Olympionices
312 3596 350 3629 stc.
377 3591 442 3629 Dan:
468 3590 621 3641 Olympionicas
635 3611 647 3620 ·
661 3611 674 3621 -
688 3590 799 3638 arriserunt,
818 3590 878 3629 Fabr.
894 3588 955 3627 Banl.
970 3595 990 3627 et
1009 3588 1047 3627 at..

106 3650 255 3702 Olmpinm‘rles
274 3648 382 3698 (vossium
405 3647 555 3698 Olytnpr'enses)
582 3669 595 3677 -
613 3669 626 3677 ··
647 3648 751 3684 nn'serant.
786 3647 840 3684 Dein
860 3648 925 3684 Dsn.:
953 3658 1046 3689 errassem
1066 3664 1071 3693 .'

38 3728 47 3763 ¹.
103 3710 168 3745 araim
182 3704 194 3725 ¹¹
208 3710 231 3745 in
244 3710 286 3754 A.,·
305 3706 331 3744 al.
345 3718 418 3743 errrore
431 3706 487 3742 nsasrs'
504 3705 525 3741 in
539 3707 567 3743 A.
596 3704 678 3740 Salmas.
691 3705 766 3741 Exere.
784 3703 836 3740 Pliu.
855 3716 875 3752 p.
888 3700 938 3740 491.
958 3708 1047 3739 noscam

102 3762 158 3801 dedit
170 3763 283 3801 trudonem.
311 3762 406 3799 't'nssiust
429 3774 519 3799 eruorem
535 3774 619 3797 ararum
633 3762 655 3798 ιἰι
668 3764 696 3798 Α.
710 3759 803 3808 rasurum
817 3762 839 3797 r'n
853 3759 978 3798 Arethusam
992 3760 1047 3798 οσσίη

10 3824 21 3865 'a
103 3820 163 3871 (nm.
176 3820 250 3869 pesas).
278 3820 309 3859 Cf.
323 3819 383 3857 otiam
396 3817 501 3857 blunckcr.
516 3818 543 3855 ad
555 3817 646 3865 Fsdgcnt.
660 3818 693 3854 111.
708 3817 743 3855 ult.
762 3818 835 3855 Baras.

13 3904 23 3923 '³
56 3897 75 3947 li
98 3902 119 3941 h
131 3903 177 3940 loco
189 3903 240 3941 Hor.
254 3899 364 3951 posteriorc
381 3898 415 3937 du
427 3912 463 3947 pro
478 3898 512 3936 illa
526 3896 573 3936 hab.
587 3898 653 3946 nan,
668 3896 716 3937 dein
728 3898 754 3935 L.
765 3898 848 3947 patrios
862 3896 963 3933 αιισίσασσ.

10 3972 13 3981 .
58 3980 87 4029 fil)
111 3984 149 4023 l‘ro
162 3982 289 4023 tnrrrs'cod.
303 3981 385 4020 Ursini:
400 3988 498 4020 turtures.

60 4060 89 4111 ll)
112 4064 177 4105 (lusis.
189 4066 205 4102 l.
219 4064 243 4103 ll.
257 4064 283 4104 sl.
297 4040 394 4115 inps-,¹
413 4064 491 4100 maestes
509 4056 625 4098 Thessaliae
638 4064 686 4096 sum
700 4056 771 4106 Apoll.
787 4062 823 4092 cte.

787 4166 820 4218 1·1
829 4160 843 4192 *
