2424 4506
117 247 161 313 96
367 241 509 307 sautu
530 243 888 311 COMMENTARIUS

116 428 396 498 Donatumdactylns
412 446 471 483 esse
487 429 583 497 debet,
595 436 629 483 'et
644 432 796 486 terminare
812 440 925 502 partem
943 436 1090 490 orationis:
1104 445 1144 491 att

118 501 223 568 Tityre.
258 499 349 567 Quam
372 498 465 565 legem
482 500 645 552 Theocritus
661 501 840 554 vehementer
858 503 1009 571 observat,
1024 506 1144 573 Virgilius

117 589 174 623 non
192 569 268 620 adeo.
302 568 350 618 llle
368 570 443 619 enim
467 569 496 619 in
522 570 613 638 paucis
630 571 751 621 versibus
773 570 809 623 ab
833 571 885 624 ista
901 573 1013 626 ratione
1030 575 1142 629 deviavit.

115 640 168 690 Hic
185 654 249 690 eam
271 637 300 687 in
325 639 417 702 paucis
434 644 541 689 secutus
566 646 614 689 est.
650 639 833 692 Terentianus
850 658 915 692 cum
933 643 969 694 de
986 643 1043 694 hoc
1060 652 1140 695 metro

116 709 234 760 diceret:
260 706 404 757 Plurimus
428 706 587 772 despoliet
603 707 715 758 Siculae
740 710 850 759 telluris
875 711 1027 778 alumnus,
1048 711 1144 765 Nosti!

105 784 202 828 'rarus
226 793 257 825 eo
281 787 378 838 pastor
402 775 501 834 Mard3
532 775 649 826 intentio
674 781 771 845 poetae
793 777 862 829 baec
886 787 942 845 est,
971 787 1004 830 ut
1026 781 1140 833 imitatur

114 845 296 897 Theocritum
319 842 535 911 Syracusanum,
564 845 710 896 meliorem
734 846 864 911 Moscho,
894 857 924 901 et
953 843 1068 914 ceterii,
1097 846 1138 917 (μ’

113 913 242 964 Bucolica
265 911 439 981 scripserunt.
480 913 559 964 Unde
583 921 635 964 est:
669 914 763 964 Prima
788 915 939 982 Syracosio
966 908 1084 984 dignata
1105 926 1140 967 est

115 984 209 1035 ludere
227 999 308 1032 versu
328 980 443 1032 Nostra.
476 981 513 1031 Et
529 981 664 1049 aliquibus
683 982 749 1034 locis
766 1001 817 1053 per
833 985 996 1053 allegoriam
1012 985 1070 1056 agit
1083 1000 1139 1055 grs-

112 1055 165 1102 tias
181 1054 315 1118 Augusto,
340 1050 381 1101 vel
397 1050 456 1100 aliis
473 1050 625 1114 nobilibus,
648 1068 767 1118 quorum
790 1053 883 1106 favore
898 1055 1032 1115 amissum
1047 1068 1138 1123 agrurn

112 1120 232 1187 recepit3
255 1119 285 1171 in
303 1134 357 1186 qua
381 1136 413 1170 re
436 1126 544 1169 tantum
562 1120 687 1170 dissentit
703 1137 720 1171 a
737 1122 895 1172 Theocrito.
928 1122 977 1174 llla
991 1124 1069 1175 enim
1085 1120 1138 1173 ubi·

113 1206 167 1256 que
184 1188 298 1254 simplex
316 1194 370 1239 est:
393 1187 439 1239 bic
456 1189 618 1239 necessitate
634 1188 791 1258 compulsus
807 1190 944 1258 aliquibus
966 1193 1035 1243 locis
1049 1196 1138 1243 mimi

112 1258 228 1324 figuras,
251 1273 318 1323 qrras
335 1256 424 1324 perite
441 1256 603 1323 plerumque
621 1258 705 1308 etiam
723 1275 754 1309 ex
772 1258 912 1315 Theocriti
930 1256 1051 1313 versibus
1066 1259 1136 1313 iacit:

53 1382 58 1391 Ι
112 1341 181 1395 quos
197 1327 234 1376 ab
251 1325 301 1375 illo
317 1326 404 1376 dictos
421 1331 529 1375 constat
545 1343 605 1378 esse
621 1326 792 1394 simpliciter.
826 1329 885 1378 Hoc
901 1336 997 1380 autem
1013 1330 1045 1381 fit
1060 1324 1137 1399 pobli-

111 1413 145 1447 ca
162 1394 328 1444 urbanitate.
363 1393 405 1443 Sic
424 1393 614 1458 Iuvenalis,1)
632 1396 742 1446 Actoris
760 1397 890 1460 Aurunci
907 1394 1040 1465 spolium.
1072 1397 1137 1447 Nan

110 1463 221 1528 Virgilii
239 1478 348 1514 versum
372 1463 405 1513 de
429 1462 508 1515 hasta
526 1463 631 1514 dictum
654 1465 771 1532 figurate
795 1465 829 1515 ad
852 1465 980 1532 spolium.
996 1464 1140 1529 nanuum,

110 1532 148 1584 Et
164 1546 245 1582 carisa
269 1531 480 1581 scribendorum
504 1530 694 1583 bucolicorum
711 1532 781 1584 haec
803 1541 857 1585 est:
883 1534 970 1600 Cum,
994 1543 1056 1604 post
1071 1528 1137 1599 cosia

110 1617 172 1652 sum
187 1600 212 1660 ²)
235 1600 280 1650 ΙΙΙ.
297 1600 396 1650 Iduum
412 1598 580 1650 Martiarum
597 1600 642 1652 die
660 1602 690 1652 ia
707 1609 805 1652 senatu
822 1602 985 1669 Caesarem,
1009 1600 1142 1671 Arguat

110 1671 167 1722 eius
184 1669 253 1719 iilius
270 1676 366 1719 contra
385 1683 559 1734 percussores
575 1670 660 1737 patris
678 1679 706 1722 et
722 1671 872 1721 Antonium
888 1672 978 1725 civilia
996 1672 1068 1725 bella
1082 1676 1143 1721 rna-¹

108 1739 203 1803 visset,
225 1738 339 1788 victoria
366 1737 481 1804 potitus,
505 1738 736 1791 Cremonensium
759 1754 854 1806 agros,
885 1740 933 1807 qui
956 1749 1054 1793 contra
1076 1752 1135 1793 eut!

109 1814 266 1860 senserant.
288 1806 422 1856 militibus
445 1805 499 1855 suis
523 1806 612 1857 dedit:
634 1808 683 1874 qui
706 1823 771 1857 cum
790 1823 845 1858 nun
863 1808 1036 1875 emticcrent,
1057 1808 1134 1861 etiam

103 1877 325 1927 Mantuanorum
348 1875 426 1924 iussit
442 1874 581 1937 distribui,
604 1890 661 1927 non
684 1884 798 1945 propter
814 1876 940 1946 culpam,
964 1879 1013 1930 sed
1030 1884 1133 1947 propter

102 1946 284 1996 vicinitatem.
327 1944 403 1993 Unde
430 1951 484 1993 est:
513 1942 635 1993 Mantua
668 1963 718 1995 vae
748 1949 865 1996 miserae
898 1949 1021 1997 nimium
1044 1942 1142 1998 uicina*

105 2014 268 2064 Cremonae.
302 2011 412 2062 Perdito
431 2027 497 2077 ergo
522 2027 590 2078 agro
609 2014 736 2080 Virgihus
754 2013 874 2064 Romam
891 2015 980 2082 venit,
1004 2023 1032 2068 et
1046 2022 1142 2086 poten·-

101 2085 177 2132 tium
195 2083 288 2132 favore
305 2080 421 2143 meruit,
447 2087 477 2128 ut
495 2096 596 2149 agrum
619 2094 699 2132 suum
723 2083 794 2133 solus
811 2084 959 2151 reciperet.
995 2084 1036 2135 Ad
1057 2096 1133 2153 quen

102 2150 297 2220 arnipicndum
322 2149 475 2216 profectus,
499 2151 535 2200 ab
559 2150 641 2200 Arrio
664 2152 838 2214 centurione,
862 2152 910 2220 qui
934 2168 1000 2203 eum
1022 2150 1142 2219 tenebat,

102 2236 193 2291 paene
218 2228 259 2270 est
280 2219 457 2280 interemtus,
482 2218 534 2268 nisi
558 2235 587 2270 se
610 2220 818 2289 praecipitasset
834 2221 864 2270 in
881 2220 1028 2273 Mincium.
1061 2218 1131 2271 Unda

101 2296 145 2340 est
161 2288 329 2355 allegorice:
348 2286 409 2353 Ipse
433 2287 508 2336 aries
533 2288 616 2336 etiam
644 2305 720 2338 nunc
738 2290 839 2339 uellera
858 2291 954 2340 siccat.
991 2292 1085 2342 Postea
1099 2284 1135 2341 ult.

101 2362 237 2423 Angusto,
263 2356 352 2406 missis
370 2354 534 2420 triumviris,
559 2364 588 2407 et
608 2357 661 2424 ipsi
684 2359 793 2424 integer
811 2374 877 2427 ager
895 2366 936 2409 est
951 2360 1088 2422 redditus,
1107 2360 1142 2409 st·

100 2424 261 2478 Mantuanis
285 2439 335 2494 pro
361 2431 449 2493 parte=
489 2423 561 2474 Hinc
586 2435 640 2491 est,
663 2427 751 2495 qisod,
780 2443 844 2476 cum
868 2426 897 2477 in
922 2429 1014 2494 prima
1035 2426 1136 2495 ΕοΙοῃ

98 2495 234 2563 legimus,
258 2511 323 2545 eum
339 2492 477 2559 recepisse
494 2508 609 2559 agrurn,
632 2503 727 2564 postea
744 2511 808 2546 enm
826 2495 1018 2563 querelantem
1033 2492 1132 2547 iuveni·

100 2581 177 2615 mus:
200 2572 244 2613 ut:
262 2564 418 2624 Audieras,
441 2561 563 2628 etfama
576 2564 655 2629 fuit:
681 2565 730 2614 sed
755 2568 882 2615 carmina
903 2577 1013 2615 tantum
1030 2563 1130 2617 Nasus

101 2635 213 2698 valent,
235 2631 361 2699 Lycida,
384 2630 438 2679 tela
463 2633 536 2681 inter
560 2632 685 2696 Martia,
709 2645 844 2698 quantum
871 2632 1017 2686 Chaonias
1039 2635 1132 2685 dicunt

100 2704 199 2768 aquila
224 2706 351 2753 veniente
376 2699 529 2751 columbas.
570 2701 628 2753 Nec
651 2718 784 2752 numerus
807 2703 853 2753 hic
878 2702 977 2753 dubius
1006 2711 1061 2769 est,
1081 2714 1141 2755 m

100 2772 169 2822 ordo
199 2772 354 2835 librorum,
384 2768 487 2836 quippe
509 2785 574 2820 cum
605 2786 676 2820 unus
700 2770 735 2820 sit
761 2771 845 2830 libem
874 2770 910 2822 de
934 2772 1036 2840 eclogia
1056 2766 1134 2823 malit

98 2841 240 2892 dubitant:
258 2857 328 2909 quae
345 2838 409 2889 licat
427 2837 524 2888 decem
541 2839 610 2901 sint,
626 2840 765 2890 incertum
781 2847 876 2891 tanren
895 2846 949 2903 est,
965 2857 1022 2908 quo
1039 2840 1132 2893 ordin·

97 2911 218 2976 scriptae
236 2910 297 2960 sint.
332 2907 459 2973 Plerique
476 2907 543 2958 duas
560 2915 649 2959 certas
666 2907 759 2959 volunt
775 2909 859 2976 ipsius
876 2910 1051 2961 testimonio:
1074 2906 1132 2961 ulti·

97 2994 188 3042 snam,
213 2988 255 3028 ut:
282 2979 444 3028 Extremum
463 2976 554 3025 hunc.-
579 2976 659 3026 multi
677 2984 705 3028 et
719 2977 856 3047 primam,
883 2984 914 3026 ut
930 2978 958 3027 in
977 2979 1053 3030 Geor
1075 2977 1131 3029 'cist

99 3046 196 3112 Tityre
209 3060 234 3096 te
244 3050 338 3113 patule
348 3047 439 3097 cecini
447 3046 499 3094 sub
515 3046 635 3110 tegmine
641 3046 719 3113 fagi.
737 3046 789 3097 Alii
804 3047 925 3116 primam
938 3047 1016 3097 illam
1028 3062 1061 3096 vo
1073 3052 1132 3099 untt

97 3114 194 3165 Prima
213 3116 372 3182 Sys-acasiu-
384 3117 501 3180 dignata
521 3127 561 3163 est
580 3115 674 3164 ludere
691 3133 783 3165 versu.
820 3114 890 3166 Sane
908 3116 1062 3179 sciendum,
1078 3114 1130 3167 Vll.

96 3184 204 3252 eclogas
227 3202 285 3236 esse
308 3201 400 3237 meras
423 3183 554 3234 rusticas:
578 3199 644 3250 qrras
669 3183 832 3235 Theocritus
854 3182 1013 3247 X.·habet;
1035 3184 1082 3236 hic
1102 3180 1131 3237 iu

94 3253 183 3303 tribus
207 3271 223 3304 a
241 3255 366 3303 bucolico
384 3251 524 3317 carmine,
547 3251 596 3302 sed
618 3267 683 3301 cum
700 3253 872 3304 excusatione
890 3251 1027 3319 discessit,
1050 3259 1081 3303 ut
1100 3250 1130 3305 iu

92 3322 269 3388 genethliaco
294 3321 428 3385 Salonini,
456 3327 484 3371 et
507 3320 537 3371 in
560 3318 644 3371 Sileni
668 3320 820 3389 theologia:
850 3321 891 3374 vel
914 3328 945 3373 ut
969 3338 1001 3373 en
1023 3320 1131 3389 insertis

91 3390 238 3440 altioribus
261 3391 344 3441 rebus
367 3396 458 3458 posset
481 3389 603 3457 placere:
633 3388 676 3439 vel
697 3389 761 3457 quia
784 3397 826 3439 tot
848 3390 995 3441 varietates
1016 3389 1131 3511 imffl

91 3474 151 3510 non
175 3467 292 3525 poterat.
326 3459 425 3510 Poetae
441 3458 525 3509 vitam
545 3459 574 3509 in
592 3456 712 3509 Aeneide
729 3458 853 3509 diximus.
888 3458 990 3523 Operis
1007 3475 1058 3526 exp
1118 3484 1131 3499 ·

90 3526 149 3592 tio,
173 3528 203 3579 in
228 3529 410 3596 sequentibus¹
427 3526 665 3594 comprobabitur.
712 3525 782 3578 Sane
814 3525 959 3583 sciendum
985 3526 1131 3595 Virgilium

89 3592 143 3645 XX
157 3603 186 3647 et
197 3597 263 3648 Vill.
279 3612 416 3647 annorum
433 3595 571 3660 scripsisse
583 3595 721 3646 Bucolica.
756 3594 833 3648 Unde
851 3596 938 3648 etiam
953 3596 1014 3666 ipse
1029 3598 1059 3649 in
1075 3594 1129 3649 lino

135 3741 158 3789 1)
173 3744 220 3781 vor.
236 3742 343 3784 Auctoris.
358 3739 383 3778 Ji.
399 3737 470 3787 cupa.
485 3740 573 3777 Arunci.
588 3739 612 3775 V.
626 3739 696 3777 Iuvcn.
710 3740 735 3785 2,
751 3736 800 3779 100.

132 3814 158 3869 Ὦ)
171 3818 286 3863 uelandam
300 3823 354 3859 hunc
369 3823 568 3861 namemm,·namm
584 3830 609 3854 ex
623 3818 682 3856 lita-ra
697 3819 766 3857 ultima
781 3834 801 3857 m
816 3817 870 3857 vocis
884 3819 1027 3868 praecedentis
1040 3820 1130 3872 mpla·

179 3872 212 3917 iar
232 3878 285 3919 rrc‘tc
300 3878 377 3916 Duker.
405 3874 460 3914 Num
482 3880 500 3909 ‘¹
522 3875 548 3910 sd
565 3874 637 3923 Guorg.
651 3875 677 3920 1,
691 3872 742 3915 466.
763 3876 826 3925 pridie
846 3876 890 3913 idus
905 3877 1006 3923 Mutius,
1025 3878 1071 3917 ic.
1086 3882 1129 3931 nau

177 3937 244 3974 caedis
261 3937 325 3978 diem,
345 3935 407 3973 salem
424 3929 519 3968 ‹lesccisse
535 3937 616 3977 uurrn3
636 3933 689 3980 quod
705 3938 771 3969 tamen
786 3946 825 3970 noa
841 3933 903 3970 refert
917 3937 1001 3972 Sueten.
1015 3936 1069 3974 iuter
1082 3946 1132 3985 pro-r

176 3991 235 4042 d'gi..
264 3997 336 4032 Burm,
352 3989 495 4039 calph.bab.:
514 3987 547 4024 111.
576 3987 625 4025 Idus
640 3991 725 4026 martius
745 3991 765 4027 in
780 4003 797 4026 s.
828 3974 924 4027 (sueltt
949 3993 1002 4030 Cum
1012 3999 1062 4042 past
1075 3992 1130 4033 assi·

176 4063 221 4087 sam
235 4051 311 4089 Iuliam
326 4051 388 4087 {arceb
404 4044 509 4084 Kalendas
523 4046 616 4082 Martias
631 4045 663 4083 dis
676 4047 697 4083 in
712 4053 790 4084 renutu.
823 4047 885 4086 Ossae
899 4048 1014 4098 Augustae
1028 4046 1102 4098 stult
