2424 4506
207 226 210 231 ’
246 284 283 325 n
305 264 640 329 V1RG1L.BUO0L.
662 268 725 345 rx,
747 274 876 340 1-10.
1018 274 1085 339 1sr

68 443 160 511 {uidem
178 446 263 513 dixit,
279 466 309 503 se
326 466 440 503 omnem
456 452 535 505 litem
552 448 776 524 amputaturum,
799 451 946 505 interiecto
962 452 1086 523 Virgilio,

101 526 130 565 m
148 522 235 583 poeta
249 520 345 569 stricto
363 520 454 587 gladio
471 538 500 573 se
521 524 713 591 insequentem
729 520 801 588 {ugit
817 521 846 572 in
862 523 1008 574 tabernam
1026 538 1085 575 ear-

135 584 211 651 iam,
235 594 265 639 et
279 587 415 641 beneficio
439 590 570 641 institoris
588 607 619 643 ex
643 591 696 643 alia
713 598 792 658 parte
812 591 941 656 emissus,
965 600 1086 643 servants

68 658 100 703 at
127 653 276 707 Inducitur
292 672 358 726 ergo
375 658 496 724 Moeris,
518 660 664 711 familiaris
681 658 804 727 Virgilii,
825 662 949 711 referens
966 660 1086 728 Lycidas

68 720 203 789 periculum
221 741 317 791 suum,
340 734 368 778 et
384 726 544 793 Menalcae,
561 744 645 796 quern
662 744 736 779 nunc
752 742 803 794 pro
820 726 935 795 Virgilio
953 729 1085 781 debemru

68 790 195 861 uipera]
212 821 248 831 —·
282 804 308 851 2.
329 794 395 846 Vini
413 799 606 863 pervenimns3
630 796 647 847 i.
667 814 691 849 e.
708 795 756 845 diu
772 794 886 847 vivendo
902 796 936 847 ed
953 797 1005 849 ista
1021 814 1085 868 per-

68 860 181 939 tpuimus.
215 862 253 913 Et
269 865 400 929 ostendit,
422 864 584 934 plerumque
603 865 698 916 obesse
713 863 872 917 hominibus
889 865 960 917 vitae
977 865 1100 934 langiu·-

68 926 200 995 pilstam,
225 946 296 998 quae
317 932 461 984 interdum
478 950 559 985 carisa
578 942 620 987 est
642 933 828 985 miseriarum.
863 933 971 1001 [Sensus
988 943 1083 987 autern

68 994 112 1047 alia
127 1006 181 1063 est,
206 1015 292 1067 usque
308 1017 342 1053 eo
360 1016 410 1071 nos
427 1003 482 1054 vita
498 1003 579 1070 longa
598 1001 739 1070 produxit,
762 1008 793 1050 nt
816 1003 974 1054 audiremus
991 1003 1083 1055 dicen-

69 1068 121 1117 ωε
136 1067 272 1134 migrate;
288 1071 358 1120 haec
375 1078 525 1123 mearunt.
559 1071 754 1138 interpositum
771 1084 836 1122 sane
853 1079 907 1123 est:
924 1072 996 1142 quod
1014 1088 1084 1123 nun-

69 1146 135 1201 quam
162 1137 244 1187 veriti
270 1152 371 1189 sumus.
411 1136 523 1190 ddn'ena
550 1145 656 1203 nostri;
687 1139 735 1205 qui
759 1138 900 1191 advenerit
922 1141 951 1191 in
975 1149 1084 1191 nostros

69 1214 145 1269 spos,
162 1212 190 1256 et
207 1213 256 1255 nut
274 1207 417 1273 Clodium,
434 1216 482 1259 aut
497 1210 609 1260 Arrium
626 1206 826 1277 significati·
861 1217 887 1267 3.
903 1206 992 1276 'Quod
1011 1226 1084 1259 nnn-

71 1284 135 1337 ttam
151 1276 239 1325 veriti
263 1292 378 1339 surnns3
406 1276 470 1344 quia
487 1277 628 1348 inopinata
651 1276 777 1344 graviora
799 1286 862 1328 srurt
886 1278 968 1329 mala.
1002 1278 1081 1329 Unde

70 1336 175 1407 tillido
202 1345 241 1409 (A.
258 1350 293 1409 4,
308 1346 397 1404 409.)s
420 1344 508 1397 Hunc
528 1365 576 1413 ego
600 1347 629 1396 si
645 1347 724 1413 potui
741 1357 850 1396 tantum
875 1364 985 1413 sperare
1004 1346 1082 1397 dolo-

72 1422 125 1485 par,
145 1411 182 1461 Et
205 1412 344 1480 perferre,
369 1431 465 1479 soror,
489 1428 592 1482 potero.
610 1442 643 1452 -
686 1421 710 1472 5.
728 1412 813 1463 Nunc
836 1417 922 1481 victi,-
945 1416 963 1466 i.
980 1432 1004 1466 e.
1026 1414 1083 1464 voti

70 1487 174 1557 utpotes.
211 1481 285 1532 Nam
308 1497 363 1550 quo
387 1484 469 1535 modo
494 1483 610 1536 victores
633 1483 749 1536 dicimus
772 1483 827 1533 voti
849 1492 1003 1553 compotes,
1027 1481 1083 1551 qui,

71 1548 179 1617 {utquid
195 1550 302 1616 volunt,
325 1552 446 1615 iaciunt,
456 1582 458 1589 ·
470 1552 509 1603 sic
525 1553 609 1602 victos
626 1571 642 1604 e
661 1550 800 1602 contrario
818 1552 872 1602 voti
888 1552 1019 1622 impotes,
1035 1550 1083 1619 qui

71 1626 110 1665 tur
127 1625 243 1687 potsunt
265 1619 373 1680 facere,
415 1619 469 1670 uod
492 1621 591 1671 volunt.
629 1621 759 1672 Ceterum
777 1620 915 1687 quomodo
934 1621 997 1672 victi
1020 1625 1083 1670 sunt

71 1676 209 1749 llantuani,
247 1688 274 1738 ui
291 1688 344 1738 uec
362 1637 432 1740 belia
450 1686 612 1756 gesserunt?
646 1690 692 1756 [Et
711 1687 817 1738 Tristes
834 1689 905 1751 ideo,
922 1689 986 1756 quia
1002 1686 1082 1738 dixit:

72 1744 135 1803 llario
152 1703 246 1821 nictiii
277 1755 343 1807 Sors
363 1760 459 1807 omnia
476 1771 583 1818 nersat3
605 1758 640 1825 [i.
658 1777 696 1820 e.,
720 1772 791 1823 qliae
814 1757 945 1808 instabilis
965 1764 1018 1819 est,
1043 1755 1081 1822 et]

72 1816 107 1873 ui
120 1822 171 1875 hoc
189 1824 226 1875 ad
243 1842 394 1893 personam
411 1827 541 1878 rusticam
559 1827 666 1894 redigas
679 1825 781 1892 (Guelf.
793 1825 812 1875 l.
831 1828 967 1892 pertinere
982 1825 1082 1889 dicos),

70 1900 146 1959 'pere
175 1902 275 1945 contra
305 1897 458 1962 Augustum
490 1897 594 1946 dictum
624 1903 678 1957 est,
709 1894 785 1944 cuim
806 1894 983 1958 felicitatem,
1013 1894 1082 1944 sicut

70 1961 160 2027 sunia,
183 1962 251 2012 dicit
273 1979 351 2031 posse
378 1964 489 2016 mutari.
513 1964 548 2000 -’-
588 1969 613 2021 6.
637 1964 687 2014 Illi
695 1979 703 2023 3
728 1962 745 2012 i.
769 1981 794 2014 e.
815 1965 895 2015 Arrio
919 1961 1082 2015 centurioni.

69 2020 136 2089 Quod
150 2040 202 2080 nec
221 2032 287 2080 irene
306 2030 409 2097 uernat,-
429 2050 506 2100 qnae·
516 2047 562 2084 res
578 2031 608 2082 in
624 2031 776 2102 perniciem
795 2031 851 2082 eius
868 2040 1004 2092 vertetur,
1021 2032 1039 2082 i.
1057 2048 1081 2082 e.

68 2098 170 2149 dmalo
187 2099 284 2150 omine
307 2100 362 2151 hoc
378 2118 478 2153 munus
496 2100 620 2167 accipiat.
657 2101 789 2150 Tractum
806 2108 899 2152 autem
917 2102 969 2152 hoc
987 2106 1027 2151 est
1045 2099 1080 2150 ab

68 2156 168 2219 lutere
184 2176 215 2220 et
229 2168 321 2221 Aiace.
354 2170 426 2220 Nam
444 2172 545 2221 Hector
562 2170 637 2221 dedit
652 2169 728 2219 Aiaci
744 2168 881 2236 gladium,
898 2185 952 2239 quo
969 2184 999 2220 se
1015 2169 1081 2219 Aiax

68 2242 144 2309 iudea
166 2236 319 2289 interemit
352 2240 454 2290 Hector
477 2254 541 2290 vero
565 2238 709 2290 baltheum
727 2239 833 2306 accepit
850 2239 886 2290 ab
903 2239 999 2300 Aiace,
1024 2252 1079 2305 quo

68 2310 125 2357 πει
146 2320 243 2357 muros
268 2307 375 2373 patriae
399 2315 501 2358 tractus
519 2315 560 2359 est
575 2315 677 2376 postea.
720 2307 786 2357 Inde
810 2314 840 2358 et*
858 2307 925 2358 illud
942 2305 1081 2357 comicum

68 2380 148 2423 unam
171 2384 225 2438 est,
250 2375 291 2424 Dt
317 2376 384 2426 benc
406 2389 520 2427 vortant
544 2377 618 2443 qrrod
641 2375 690 2439 (L.
707 2376 738 2426 V.
756 2377 839 2442 quid,
862 2377 893 2426 L.
912 2377 981 2443 qnid
1006 2374 1080 2441 agis)

68 2450 129 2509 tges.
162 2442 331 2511 Plenunque
348 2444 423 2496 enim
442 2444 514 2496 bona
531 2444 561 2495 in
578 2443 754 2514 peins‚n1ala
771 2452 913 2495 mutantur
928 2445 958 2495 in
975 2444 1080 2494 melius.

68 2530 89 2547 -
118 2519 144 2569 7.
161 2511 320 2563 subducere
345 2515 434 2578 cliuo5
455 2513 599 2581 [Ciceroz]
630 2512 672 2562 Es
698 2513 754 2563 olto
773 2516 804 2562 in
823 2529 935 2580 campos
953 2514 1081 2567 dissolvi.

68 2578 113 2631 dui
132 2586 243 2632 sursum
261 2581 363 2633 ducere
387 2582 550 2650 intelligunt.
589 2580 641 2632 Alii
665 2582 790 2633 medinm
813 2582 913 2632 clivum
936 2582 1082 2651 accipiunt,

68 2660 86 2697 u
100 2665 154 2730 prro
171 2649 298 2721 superior
314 2668 377 2719 pars
394 2650 553 2701 subducitur
569 2650 598 2700 in
613 2649 712 2700 collem
730 2659 900 2716 surgentem,
917 2651 1033 2702 interior
1050 2648 1080 2700 in

68 2716 202 2771 abiectam
227 2719 379 2787 planiciem
397 2720 518 2770 molliter
535 2718 714 2785 deprimitur:
738 2734 823 2787 usque
846 2719 963 2770 adeum
987 2726 1080 2768 nauem

68 2796 142 2837 scum
163 2790 302 2858 perticam
322 2790 475 2840 militarem
499 2786 729 2838 Octavius.Musa
752 2794 926 2856 porrexerat,
948 2787 1080 2838 limitatur

68 2852 221 2925 tbdugusto
238 2854 326 2922 datus,
342 2858 360 2909 i.
372 2877 410 2922 e.,
426 2874 478 2925 per
496 2855 655 2923 quindecim
673 2856 759 2906 millia
777 2872 906 2921 passuum
923 2856 983 2923 agri
1001 2855 1079 2905 Man·

68 2926 142 2991 rani,
168 2941 234 2976 cum
258 2927 454 2978 Cremonensis
478 2940 534 2976 non
559 2924 711 2986 sufficeret,
734 2926 851 2975 offensus
876 2943 891 2976 a
914 2923 1080 2987 Mantuanis,

68 2994 123 3105 prod
140 3010 242 3061 pecora
261 2995 318 3046 eius
334 2995 364 3045 in
380 3011 449 3063 agro
466 2993 575 3062 publico
593 2991 739 3060 aliquando
753 2992 909 3044 clausissent
950 2992 1001 3042 Alii
1016 2994 1085 3043 snb-'

75 3078 149 3113 utera
166 3077 219 3132 pro
237 3064 364 3113 desinere
378 3063 531 3133 accipiuntt
555 3078 621 3112 nam
639 3061 792 3130 permansit
807 3061 923 3112 dicendo
941 3063 1080 3123 demittere
1154 3086 1159 3097 ·

68 3126 168 3198 ψη,
191 3133 270 3199 quasi
288 3132 341 3182 hoc
359 3133 439 3185 colles
456 3130 571 3190 faciant,
595 3130 667 3198 quod
692 3129 744 3178 illis
762 3128 860 3181 accidit
877 3147 927 3200 per
944 3128 1080 3182 naturum.

68 3196 102 3251 ilii
116 3214 218 3269 agriam
235 3217 317 3251 suum
333 3201 426 3252 volunt
443 3199 613 3269 descripsisse
629 3197 787 3263 Virgilium,
811 3207 842 3248 ut
858 3199 1026 3262 ostenderet,
1049 3216 1081 3250 ex

68 3274 165 3338 litaque
188 3278 269 3339 parte
292 3287 351 3321 esse
367 3269 512 3331 clivosum,
535 3276 645 3317 nterim
664 3267 699 3316 ab
725 3282 779 3318 una
801 3276 878 3333 parte
897 3268 930 3316 ud
949 3282 1081 3320 sacramen

68 3338 208 3391 tetenderis
214 3376 222 3402 ,
239 3337 275 3390 ab
292 3338 347 3390 alia
363 3354 448 3405 usqne
467 3338 502 3389 ad
522 3352 623 3404 aquam
641 3334 795 3386 descendas.
831 3336 867 3387 Et
884 3335 994 3404 quidam
1014 3336 1081 3387 tales

68 3418 131 3473 προσ
143 3406 282 3477 lapidosos
300 3408 409 3470 dicunt,
433 3408 503 3457 sicut
526 3407 583 3474 ipso
601 3405 635 3455 de
652 3420 700 3454 suo
719 3405 758 3455 ait
775 3405 815 3469 (E.
836 3410 865 3470 1,
882 3403 953 3467 48.)ε
976 3404 1011 3455 Et
1029 3407 1081 3456 tibi

68 3486 154 3543 angria
179 3478 254 3526 satis
279 3475 508 3542 quarnvis'lopis
532 3475 628 3525 omnio
654 3471 774 3536 nudus]
798 3497 832 3509 ·-
878 3479 902 3530 9.
929 3472 1021 3540 Usque
1044 3475 1080 3523 ud

68 3555 172 3609 *quam
203 3544 303 3597 Mincii
326 3544 449 3595 fluminis
468 3544 579 3596 scilicet.
603 3572 635 3583 -
686 3546 728 3597 10.
753 3541 874 3608 Omnis,¹
904 3558 975 3611 quae
999 3538 1101 3613 supra=

81 3736 102 3785 7)
128 3738 214 3777 Nom
231 3719 333 3777 (iicet-diris
348 3748 386 3773 orn.
401 3736 469 3774 Gnell'.
483 3737 497 3772 Ι.
512 3736 536 3773 ll.
549 3736 575 3773 R.
589 3733 648 3773 vars.
676 3736 758 3774 Frustra
777 3733 816 3774 lios
835 3746 918 3786 quaem
936 3731 1080 3785 initiationes

132 3816 181 3841 nen
196 3810 228 3841 ert
240 3802 311 3851 servii
324 3800 462 3850 interpretatio
475 3787 524 3843 ‘tud
538 3814 559 3838 ae
572 3799 631 3838 subd.
660 3800 700 3839 Sed
718 3806 742 3838 nt
761 3800 856 3839 doceatur
869 3801 953 3845 Lector,
974 3801 1027 3839 unda
1041 3801 1079 3839 lroc

132 3863 262 3915 provenerit.
280 3866 301 3903 in
315 3867 365 3904 Mas.
380 3872 422 3903 eat:
443 3866 558 3903 saltuem
573 3877 589 3901 e.
605 3866 618 3901 ι’.
638 3862 714 3910 (Gaetu
727 3864 751 3899 11.
772 3865 810 3902 col.
829 3862 878 3909 rire.)
898 3876 922 3900 ex
942 3862 999 3911 alto,·
1019 3869 1039 3901 st
1053 3876 1079 3900 ax

131 3922 213 3959 suatur
226 3921 266 3961 illia
285 3922 349 3961 lilerio
367 3924 388 3961 0.
404 3924 433 3967 1.,
453 3922 523 3973 qrribns
538 3921 599 3958 eolles
619 3921 718 3969 incipiunt
732 3919 870 3968 designantur,
890 3918 980 3956 feserunt
1003 3921 1078 3963 dicero,

132 3986 153 4017 st
172 3978 277 4027 sequenda
298 3979 398 4017 Ciceronis
419 3992 462 4033 aare
475 3984 608 4027 putaverunt:
629 3989 677 4014 rans
694 3975 716 4013 in
730 3976 799 4026 areph.
814 3983 835 4013 st
854 3975 879 4014 al.
893 3981 924 4013 ut
942 3982 1032 4015 nutam:
1053 3990 1078 4015 rx

129 4036 174 4074 alto
191 4042 229 4072 ate.
257 4038 328 4074 Burm.
