2424 4506
90 267 155 335 134
243 352 246 365 .
345 256 489 324 suurn
512 255 869 323 COMMENTARIUS

93 445 220 515 reliquit,
244 442 272 496 in
289 460 344 515 qus
360 453 433 499 veste
449 447 510 500 fere
528 443 648 499 exercuit
663 444 737 497 irem
753 459 847 506 suum,
869 439 1034 509 cruorisque
1049 440 1127 517 im,

93 516 206 567 elicuins
230 514 312 582 prule
330 522 394 567 ente
415 516 529 584 reliquit
546 514 658 582 vestigio
681 513 709 565 in
734 511 817 582 pellio
834 509 957 579 puellae,
982 526 1038 579 que
1054 520 1118 563 reus

93 584 149 635 vise
167 584 290 633 Pitonius
307 591 467 649 cruentata,
488 593 553 634 tunc
576 592 651 634 retus
669 591 709 633 est
725 582 901 633 interfectam
919 595 977 631 esse
995 578 1115 643 Thisben,

95 656 125 704 et
142 651 177 701 oh
196 665 322 701 anserum
340 650 469 705 ardorem
486 669 514 704 se
531 648 684 714 interiecit,
708 665 740 701 ex
756 663 877 716 quornm
899 663 1001 705 eruore
1025 647 1127 699 dieue·

95 720 179 772 arhor
202 719 317 783 iniecta,
339 735 407 770 nam
432 736 503 787 quae
527 728 590 770 unte
615 718 729 786 gerebat
752 733 836 785 poma
860 715 940 780 elba,
955 732 1038 777 ,nunc
1062 732 1114 767 ssu·

116 788 204 838 uinea.
221 814 255 823 -
289 788 473 851 23.Ridens,·
499 788 624 839 irridens.
666 785 743 852 Quo,
768 784 902 853 adquam
925 800 996 835 rem.
1013 811 1048 823 -
1077 788 1114 842 24

95 803 199 909 dolote
218 852 268 913 ,nie
292 859 389 920 pneri3
415 858 480 925 quis
503 863 680 926 putaverunt,
706 871 771 906 eum
794 869 897 903 corona
920 852 1002 919 ligari
1025 850 1111 931 posse]

95 924 172 977 Satis
189 935 229 972 cst
246 926 369 988 potuisse
388 927 495 989 vidori5
518 925 617 973 sull'ieit
634 926 724 985 enirn,
748 922 812 989 qnia
830 920 907 988 potui
924 937 941 971 a
959 920 1049 986 vohis,
1062 924 1113 991 [qut

98 993 161 1046 estis
177 990 334 1057 henrines‚]
352 993 446 1045 videri.
480 991 560 1061 Quod
576 992 637 1043 ideo
655 992 736 1054 dicit,
754 992 818 1057 quia
834 988 972 1055 hemidei,
999 1005 1060 1041 oum
1074 1002 1112 1039 re·

94 1060 156 1114 lunt
170 1067 295 1123 tentum,
317 1061 456 1127 videntur,
478 1070 509 1111 ut
531 1061 632 1123 Fanni,
654 1058 814 1127 Nymphae,
837 1058 951 1109 Silenus.
989 1058 1127 1109 rotense*

96 1129 177 1181 aliter
199 1128 331 1194 intelligi,
355 1132 427 1181 seris
451 1141 491 1179 est
508 1137 573 1192 ete,
596 1127 695 1179 suflicit
711 1126 785 1196 quod
800 1126 861 1178 telis
878 1126 954 1176 vobis
970 1118 1111 1191 visurine,

96 1205 128 1249 ut
144 1196 230 1248 etiarn
245 1196 323 1263 ligeri
341 1199 450 1268 possim.
468 1224 500 1235 -
542 1203 585 1253 213.
602 1196 679 1247 Huic
697 1197 779 1247 eliud
797 1195 931 1245 mercedis
949 1197 1017 1259 erit;
1039 1194 1110 1245 Nut-

115 1266 168 1318 hee
185 1265 306 1316 minatur
329 1280 456 1334 stuprum
479 1265 609 1316 latenter:
634 1265 707 1333 qnod
731 1264 883 1316 verecunde
907 1262 974 1313 disit
991 1263 1036 1314 Vir
1055 1262 1110 1313 ''tu-

96 1284 182 1453 {llaec
206 1342 299 1385 esrem
324 1337 416 1386 omnia
431 1337 473 1394 de
497 1333 588 1383 Sileno
620 1349 636 1382 a
658 1334 838 1403 Theopompo
870 1331 899 1381 in
924 1345 956 1382 eo
979 1330 1049 1382 libro
1069 1328 1111 1399 qui

123 1402 273 1464 honorario
286 1404 445 1470 appellatur,
462 1402 614 1471 coriscripta
631 1409 701 1452 sunt.
734 1404 794 1479 lpse
811 1398 916 1451 addidit
932 1399 966 1450 ad
984 1416 1110 1451 commen·

96 1469 257 1535 dationem]
273 1498 307 1507 -
342 1480 384 1528 27.
402 1473 436 1522 in
455 1489 601 1522 numerum
619 1471 730 1531 ludere,-
747 1488 765 1520 1.
783 1489 820 1533 e.,
841 1468 941 1520 saltere
957 1469 994 1521 ad
1010 1466 1110 1519 modun

96 1539 219 1607 rhythmi
237 1548 264 1590 et
280 1541 449 1604 cantilenae,
472 1541 526 1608 [vel
543 1539 577 1590 nd
600 1547 707 1590 certem
730 1537 958 1589 modulationem.
992 1536 1109 1599 Faunus

96 1607 183 1659 Fauni
199 1607 234 1659 ob
252 1609 380 1660 effatione
397 1609 471 1672 dicti,
489 1609 562 1676 quod
579 1624 658 1658 voees
675 1608 709 1659 de
725 1607 809 1658 sacris
826 1604 988 1672 reddebant,
1004 1602 1108 1674 quodie

95 1678 211 1745 septimo
229 1676 354 1727 Aeneidis
380 1684 412 1745 (v.
431 1678 487 1738 47.)
510 1676 590 1746 plene
602 1676 705 1741 hebet.
723 1703 757 1713 —
792 1681 834 1731 28.
852 1672 960 1724 Ludere
967 1697 978 1739 ,-
1001 1674 1020 1725 i.
1035 1693 1058 1725 e.
1070 1670 1109 1723 illo

96 1742 243 1808 cantante]
277 1744 385 1797 Morere
404 1745 736 1811 eocumr'na,·[n10ntium
755 1736 958 1807 vel'erborum]
978 1740 1052 1814 queri
1065 1740 1108 1797 hot

95 1828 179 1880 geniis
204 1812 353 1863 saltationis
376 1816 432 1865 vult
456 1831 513 1866 esse
539 1814 568 1864 in
593 1814 737 1877 arboribus
754 1811 939 1879 ¹cacuminum
957 1814 1109 1861 mettim-'-

95 1887 139 1938 29.
158 1878 310 1931 Por-nussia
332 1900 428 1948 rupen
453 1899 532 1933 mons
549 1881 612 1949 [est]
630 1882 787 1932 Thessaliae
804 1881 922 1947 Apollini
945 1886 1109 1931 consecrans.

95 1975 130 1987 ·-
166 1957 208 2006 30.
226 1949 357 2017 Rhodope
382 1963 407 2001 et
424 1950 568 2014 imarus,-
593 1960 699 2000 montes
724 1951 874 2011 'l'lrr-ecine,
896 1950 926 1999 in
951 1948 1047 2016 quibus
1067 1944 1123 1997 οι···

97 2016 183 2085 plreus
201 2029 375 2070 consueverat
391 2035 499 2072 currere.
532 2021 568 2069 Et
584 2019 636 2083 hec
655 2018 733 2070 dicit:
751 2020 812 2068 Non
831 2027 939 2066 toruum
955 2018 1001 2068 isti
1016 2022 1110 2067 montet

116 2086 217 2136 sudent
233 2094 359 2137 cantante
376 2088 503 2156 Apolline
520 2088 562 2140 vel
579 2087 706 2156 Orpheo,
730 2095 864 2155 quantuni
888 2092 1017 2137 cernente
1032 2082 1110 2135 silem

58 2176 63 2189 ·
95 2101 211 2205 laetatus
229 2162 269 2204 est
285 2155 411 2207 mundus.
444 2158 570 2223 Namque
593 2158 676 2206 etiarn
702 2156 782 2224 paulo
807 2163 869 2222 post
885 2158 918 2220 (v.
936 2156 989 2213 86.)
1005 2153 1111 2205 dictum

97 2230 151 2274 est:
169 2222 204 2272 Et
221 2224 309 2273 invito
328 2227 463 2288 processit
481 2243 575 2291 vesper
590 2225 718 2291 Olympo.
735 2250 768 2260 -
803 2229 846 2281 31.
864 2223 992 2288 namque
1010 2221 1112 2271 canebas

97 2298 163 2353 etc.;
194 2293 284 2342 variae
314 2300 376 2342 sunt
400 2293 625 2363 Philosophorum
659 2292 802 2359 opiniones
826 2291 860 2342 de
890 2308 988 2343 rerum
1011 2289 1112 2367 origine:

5 2390 9 2405 .
96 2357 169 2408 Nam
193 2359 240 2411 olii
257 2359 350 2410 dicunt
373 2361 469 2412 omnia
486 2379 517 2413 ex
541 2362 605 2425 igne
629 2362 786 2427 procreari,
809 2367 840 2410 nt
858 2362 1037 2427 Anaxagoras.
1067 2357 1112 2409 tu

96 2443 129 2477 ex
152 2426 282 2492 humore,
306 2436 336 2477 ut
360 2429 459 2480 Thales
483 2430 614 2482 Milesius.
652 2430 726 2481 Unde
751 2437 792 2480 est
815 2430 858 2494 (G.
876 2432 908 2492 4,
927 2429 1012 2488 3823:
1036 2426 1113 2478 Orso-

96 2511 216 2562 numque
234 2510 338 2561 petrem
359 2516 458 2550 rerum.
492 2499 544 2549 Alii
562 2515 592 2548 ex
610 2507 739 2564 qtrattuor
759 2498 915 2562 elementis,
937 2506 972 2555 ut
989 2495 1113 2565 Empedo-

97 2563 163 2616 cles:
186 2566 335 2616 secundum
353 2583 434 2632 quem
459 2566 657 2619 eithrretins
676 2567 823 2631 (1,716.):
848 2566 889 2613 Ex
916 2569 1018 2631 imbri,
1041 2578 1113 2627 terre,

97 2644 179 2700 etque
197 2636 292 2683 animo
312 2647 469 2685 noscuntur
493 2648 517 2685 et
536 2638 609 2703 igue.
643 2638 771 2702 Epicurei
790 2650 868 2697 vere,
893 2651 960 2702 quos
984 2650 1056 2687 nunc
1076 2648 1112 2685 tt·

97 2702 204 2768 quitur,
226 2703 296 2753 nihil
318 2703 419 2753 horum
443 2705 639 2771 comprobant:
663 2704 710 2755 sed
736 2704 843 2769 dieunt,
871 2703 925 2753 duo
949 2720 1007 2756 esse
1029 2714 1115 2755 reum

95 2769 244 2839 principia,
268 2787 368 2838 corpus
391 2781 418 2822 et
434 2772 524 2824 inane.
559 2771 650 2824 Omne
669 2772 744 2823 enirn
761 2772 833 2839 quod
851 2780 907 2834 est,
931 2781 979 2823 aut
996 2771 1116 2835 continet,

95 2847 144 2889 eut
167 2839 329 2891 continetur.
370 2841 406 2890 Et
427 2857 525 2910 corpus
548 2841 641 2890 volunt
665 2858 721 2892 esee
748 2849 867 2904 atomus,
899 2840 917 2890 i.
940 2858 967 2891 e.»
992 2840 1113 2909 quasdem

96 2907 292 2959 minutissimas
315 2917 407 2978 portes
432 2927 501 2977 quse
525 2905 626 2975 τομήν,
651 2909 669 2959 i.
687 2928 710 2960 e.
734 2909 884 2961 sectionem
908 2924 963 2958 non
982 2909 1116 2979 recipiunt.

96 2973 174 3026 Unde
191 2984 218 3026 et
235 2979 320 3029 utomi
338 2979 425 3028 dictae
453 2986 529 3042 sunt,
553 2995 619 3045 quas
637 2978 781 3028 Lueretius
804 2976 967 3029 minutiores
985 2977 1050 3029 dixit
1064 2992 1116 3029 etto

95 3042 147 3093 illis
164 3046 343 3111 corpusculis,
367 3063 436 3114 quae
453 3045 504 3114 [in]
522 3047 615 3096 inlusis
634 3062 683 3112 per
701 3048 851 3097 fenestram
870 3045 953 3109 radiis
972 3046 1035 3099 solis
1051 3042 1117 3096 ride·

97 3127 166 3162 mus.
208 3113 283 3163 Dicit
307 3115 382 3164 enim
405 3115 463 3165 illas
487 3132 539 3166 nec
564 3117 650 3164 visum
695 3130 753 3165 osse
776 3115 911 3182 recipere.
955 3116 1116 3167 innuerem

98 3180 193 3230 dicunt
209 3182 326 3248 spatium
344 3183 373 3232 in
384 3199 445 3250 ‚qno
463 3190 526 3233 sunt
544 3185 638 3234 atomi.
672 3131 713 3235 Ee
739 3183 780 3234 ln's
804 3183 897 3249 itaque
922 3183 1027 3234 duobus
1050 3183 1118 3253 ptiu-

96 3248 174 3317 eipiis
192 3251 283 3299 volunt
299 3250 349 3301 ista
368 3260 496 3317 quattuor
513 3251 669 3318 procreari,
687 3253 796 3318 ignem,
814 3257 922 3314 aerem,
940 3259 1118 3320 oqnem,1ter·

96 3332 172 3369 reru:
190 3325 219 3368 et
235 3332 266 3366 ex
283 3319 324 3368 his
342 3328 446 3370 cetera:
465 3329 495 3369 nt
511 3321 557 3370 illu
568 3322 621 3369 due
637 3321 772 3371 elementa
790 3320 887 3388 [eterni
905 3328 932 3371 et
948 3319 1041 3385 inane]
1056 3319 1117 3370 sintt

96 3385 164 3437 haec
192 3401 257 3436 vero
283 3395 412 3454 quattuor
436 3389 575 3454 syrenen,
604 3389 621 3439 i.
649 3408 671 3440 e.
697 3391 850 3458 consposito
883 3404 914 3440 en
938 3390 991 3440 illis
1014 3388 1119 3452 duobus,

96 3460 237 3521 praestent
268 3455 406 3521 originem
437 3457 495 3506 eliis
528 3458 654 3507 omnihus
686 3459 778 3508 rebus.
821 3459 878 3508 Hae
903 3466 995 3511 autem
1019 3457 1119 3510 ratione

98 3522 275 3589 comprobat,
298 3541 329 3574 ex
348 3525 445 3575 atomis
463 3534 490 3575 et
507 3526 581 3576 inani
600 3543 657 3577 esse
675 3528 814 3594 originem
831 3542 942 3578 rerum:
967 3528 1041 3597 qrrud
1055 3522 1120 3577 nihil

97 3600 139 3644 est
162 3592 190 3641 in
214 3606 310 3641 rerum
333 3600 446 3657 nature,
470 3596 542 3659 qnod
565 3612 620 3644 non
645 3603 672 3646 et
695 3612 793 3663 eorpus
817 3596 933 3659 hubert,
961 3605 990 3648 et
1012 3592 1121 3662 recipiet

97 3660 263 3724 sectionem,
288 3668 315 3710 et
332 3660 396 3727 quie
419 3663 518 3729 recipit
539 3665 703 3726 sectionem,
725 3663 828 3714 indicet
846 3664 931 3715 etiam
954 3665 1121 3716 inanitatem.

96 3726 193 3796 [Ergo]
230 3729 278 3776 Uti
297 3747 430 3795 rnngnum
448 3749 495 3796 per
514 3734 598 3780 inune
617 3746 711 3782 coacto
731 3735 855 3796 suornm
882 3734 1016 3798 canebat,
1031 3734 1123 3800 inquit,

98 3796 194 3847 mundi
211 3797 386 3866 principium,
403 3799 421 3849 i.
435 3818 458 3849 e.
476 3802 707 3865 quemmhnodunr
722 3801 850 3852 collectae
869 3810 897 3852 et
912 3811 1027 3855 coortae
1045 3800 1124 3854 elensi

98 3882 147 3934 per
172 3882 304 3933 magnum
329 3867 410 3918 inune
438 3868 550 3917 fuissent
574 3869 652 3935 erigo
683 3869 768 3936 ignis,
799 3870 885 3934 aeris,
918 3879 1073 3935 terrarum,
1100 3876 1126 3921 et

99 3933 191 3983 maris.
226 3936 298 3984 Nam
317 3935 422 3987 semina
440 3945 545 3985 atomos
563 3938 637 3988 dicit.
671 3937 793 3988 Dicimus
811 3948 905 3988 autern
925 3939 993 3989 hoec
1012 3954 1125 4001 atomus,

97 4011 124 4052 et
142 4002 192 4050 lure
211 4005 305 4053 otonn'.
323 4030 356 4041 -
392 4012 434 4061 32.
453 4007 639 4072 Anirnerque5
664 4005 681 4056 i.
702 4024 725 4059 e.
741 4006 826 4058 aeris:
851 4009 929 4060 Unde
954 4011 1042 4061 etism
1060 4006 1127 4062 venti
