2424 4506
166 254 231 320 aas
431 228 945 321 saorrcoernsuramus

164 438 249 490 simus
272 442 426 490 centaurus.
461 436 537 490 Pelio
543 461 554 503 ,·
577 443 618 488 est
634 435 792 492 necetius
815 452 905 491 mone.
921 462 959 477 ·-
999 440 1060 499 146
1081 436 1180 491 Silarurt

163 508 271 559 flumen
288 513 329 557 est
344 505 500 573 Lucaniae,
515 515 610 579 portus
626 506 772 572 Alburnus,
789 514 816 560 et
832 506 958 561 eiusdem
974 508 1094 559 nominis
1109 522 1190 573 nstra,¹

162 577 199 629 ad
223 581 330 626 sextium
358 591 376 628 a
398 575 501 645 primis
529 575 660 645 tabernis.
707 575 889 629 Mentionem·
909 574 981 629 iacit
1002 574 1120 629 Lucilius
1138 571 1176 629 luit

162 658 258 697 versu:
295 642 430 712 Quattuor
452 644 518 698 hinc
542 644 578 699 ad
601 643 682 699 Silari
710 643 817 698 flumen
840 652 1011 717 portumque
1033 644 1174 699 Alburnum.

155 714 267 777 ..tritor
305 727 392 781 genus
422 722 464 765 est
500 712 619 780 uberti,
660 711 730 767 adeo
762 730 849 779 acer,
886 720 918 765 ut
946 714 1036 767 soleat
1071 722 1174 771 umeuts

160 784 266 835 bucera
295 782 458 850 iuquietare.
504 784 624 835 Vocatur
646 783 754 837 Graece
779 790 893 835 cestros.
929 782 1074 837 'Meminit
1101 790 1173 835 sutas

161 850 293 905 historiae
308 850 362 901 hoe
379 850 441 903 loco
457 850 587 921 Virgilius
595 888 604 917 ,
622 852 680 904 eius
697 867 782 971 eptam
794 850 907 904 Ovidius
922 850 955 906 in
970 854 991 906 L
1008 850 1174 923 Metamorph-

161 919 283 991 esposuit
305 919 400 989 plene,
424 920 562 987 reterens,
585 919 682 974 Inachi
725 920 791 972 liam
814 921 845 972 10
868 935 1063 989 compressam
1086 921 1172 985 alma

160 996 296 1043 mutatam
321 988 350 1039 in
373 1004 501 1053 vaccam,
531 998 622 1043 actam
645 1005 703 1042 ease
725 1005 776 1059 per
800 987 902 1043 orbem
929 996 1075 1043 terraram
1096 996 1175 1055 seru·

159 1062 248 1114 donec
271 1055 307 1107 nd
329 1057 437 1111 flumen
461 1058 557 1111 Nilum
580 1058 667 1124 venit,
697 1057 827 1127 quodque
849 1058 904 1125 ibi,
926 1060 1059 1129 mitigata
1080 1060 1172 1123 Iunone,

159 1127 253 1182 finitus
269 1124 306 1176 sit
321 1127 379 1179 eius
399 1125 502 1190 tabem·
518 1144 604 1197 quem
625 1126 771 1181 Inachiam
793 1126 861 1180 dicit
876 1128 1016 1197 Virgilian.
1051 1130 1171 1197 Tenent!
1199 1161 1202 1167 ·

160 1207 268 1250 torrens
284 1203 326 1248 est
342 1195 495 1261 Lucaniae,
510 1196 575 1265 qui,
591 1197 656 1251 c'um
671 1196 779 1269 pluviae
796 1201 873 1263 nuit,
899 1197 1013 1250 effusior
1025 1206 1075 1251 est
1089 1204 1116 1251 st
1127 1212 1172 1249 ssu·

158 1267 204 1333 vit,
220 1278 286 1316 cum
301 1280 441 1331 serenum,
456 1264 544 1317 siccus
561 1274 610 1318 est.
622 1291 657 1304 -
691 1271 752 1324 180.
765 1262 883 1335 Alpheus
896 1264 997 1317 fluvius
1010 1274 1056 1319 est
1065 1266 1170 1322 aeuus

158 1336 219 1388 Pisa
243 1333 390 1417 oppidum,
410 1334 485 1401 quad
507 1332 605 1386 habuit
622 1334 788 1387 Oenomaus.
820 1332 903 1384 Eleus
918 1349 1052 1407 camptu,
1072 1334 1170 1389 suh‘m

158 1404 368 1472 Olympiacam,
391 1401 440 1454 nbi
464 1402 527 1471 equi
551 1418 661 1489 quoque
683 1409 799 1456 certant.
845 1401 959 1470 Scythia
981 1404 1069 1473 regio·
1086 1412 1124 1459 est
1138 1418 1171 1455 ss·

176 1472 363 1536 tentrioualis3
385 1470 486 1540 Belgae
512 1481 587 1523 nouo
605 1472 760 1525 bellorum.
777 1499 811 1509 -
854 1478 917 1530 255.
933 1468 1038 1525 Sabelli
1059 1488 1122 1542 gent
1139 1476 1172 1525 stt

155 1494 265 1607 ltaliae,
286 1540 432 1593 coniuncta
450 1540 537 1604 meri,
560 1539 608 1593 ubi
624 1541 746 1594 maxima
761 1539 843 1609 eopia
857 1555 994 1609 aprorum
1010 1549 1062 1595 est.
1092 1540 1171 1593 nnn

156 1610 223 1663 urbs
247 1616 289 1662 est
309 1607 458 1674 Boeotiae,
483 1609 531 1661 ubi
554 1609 691 1671 Glaucus,
713 1608 819 1691 Sisyphi
840 1608 913 1662 filius
937 1617 967 1662 et
987 1610 1128 1683 Meropes,
1145 1612 1170 1663 u

49 1728 52 1747 ,
155 1677 327 1748 Asclepiades
344 1678 375 1730 in
392 1678 643 1747 Tregodeumenon
659 1678 707 1732 lib.
723 1679 743 1732 l.
760 1684 812 1743 art,
827 1678 926 1731 habuit
944 1692 1041 1748 equas,
1058 1696 1120 1751 quse
1133 1676 1168 1731 ul·

154 1756 279 1803 sueverat
295 1746 419 1801 humana
434 1763 518 1801 cerne
536 1748 627 1813 alere,
651 1763 707 1818 quo
723 1746 849 1819 cupidior
871 1747 902 1799 in
917 1747 1031 1801 hostem
1046 1748 1168 1801 irruerem
1193 1783 1197 1791 .

153 1826 183 1871 et
198 1817 387 1888 perniciosius.
418 1817 512 1939 Ipsum
528 1824 623 1870 antem
640 1833 706 1870 cum
722 1817 854 1870 alimenta
871 1816 1055 1883 defecissent,
1074 1818 1167 1871 deaa·
1190 1836 1195 1848 ·

153 1894 252 1939 verunt
275 1885 305 1938 in
329 1885 399 1938 ludis
441 1885 590 1937 unehribus
613 1886 714 1939 Peliae.
762 1885 884 1955 stidem
905 1894 1003 1939 erstem
1028 1883 1080 1939 has
1101 1900 1168 1955 ψ

152 1954 296 2008 Diomedis
319 1955 419 2021 luisse,
441 1970 508 2022 quas
524 1955 656 2008 Hercules
678 1955 713 2008 ad
730 1954 885 2024 Eurysthea
905 1954 1083 2026 perduxerit,
1102 1952 1166 2009 ast

152 2024 306 2093 Eurystheo
323 2031 351 2074 et
367 2022 480 2094 Sisypho
497 2024 656 2090 distractus,
679 2040 800 2093 eumque
816 2023 873 2075 iilic
890 2040 942 2076 suo
960 2023 1068 2078 dedisse
1083 2024 1165 2083 lerunt

151 2122 188 2163 Υ-
221 2098 283 2151 280.
300 2094 487 2160 Hippomanes
510 2108 584 2146 nunc
606 2093 743 2162 significat
767 2092 796 2145 id
813 2093 887 2161 quod
908 2109 940 2145 ex
963 2088 1190 2161 insulsitate·

150 2163 214 2215 lluit
231 2178 380 2229 equarum,
405 2160 477 2230 (prod
495 2162 590 2212 datum
600 2162 776 2214 'amatorium
794 2169 846 2225 est,
869 2168 897 2215 et
912 2163 1043 2214 furorem
1057 2156 1166 2227 troiad

150 2241 199 2285 eut
220 2230 443 2300 intempestiuum
462 2237 517 2294 eet,
541 2238 589 2283 aut
605 2231 711 2284 excedit
726 2230 850 2282 modum.
885 2230 1052 2283 Theodorus
1066 2230 1166 2285 herbam
1201 2248 1209 2262 ··

151 2300 209 2354 esse
227 2299 305 2365 dicit,
333 2314 418 2379 quem
442 2298 505 2365 equi
530 2300 553 2350 si
576 2299 746 2368 gustaverint
769 2301 929 2352 efferantur.
964 2299 1171 2353 Castaliusfcut·
1207 2318 1209 2367 j

150 2378 192 2423 est
207 2366 321 2437 Delphis
338 2384 369 2418 sn
385 2366 515 2435 Apollinis
533 2369 659 2432 oraculo,
682 2369 729 2437 qui
747 2366 834 2420 abluit
850 2369 941 2439 ipsam
960 2386 1043 2421 aram
1059 2370 1115 2435 dei,
1133 2366 1164 2419 di·
1201 2374 1207 2431 -ξ

148 2447 208 2491 ctus
230 2455 247 2489 a
264 2436 390 2502 Castulo,
411 2435 538 2506 Delphici
554 2437 684 2507 Apollinis
706 2437 779 2502 filio,
803 2444 904 2505 nepote
920 2438 1054 2506 Neptuni.
1086 2436 1164 2509 Apollo
1200 2434 1209 2502 3}

148 2514 243 2559 eutem
267 2506 367 2556 dieitur
391 2505 561 2571 Massagetes,
592 2507 658 2575 quia
680 2505 767 2557 Musis
790 2522 900 2557 sacrum
930 2507 1115 2572 existimetur,
1139 2510 1164 2555 ut
1199 2521 1205 2576 '.

146 2574 273 2629 Lutatius
296 2573 326 2625 in
350 2573 443 2642 primo
460 2575 623 2626 Communis
639 2573 776 2627 Historiae
799 2574 853 2627 ait:
878 2573 933 2641 Qui
949 2575 1069 2628 deorum
1083 2588 1164 2627 curan
1199 2578 1209 2637 ’ζ

148 2651 251 2713 egerat
285 2645 432 2708 Aquarius
449 2660 543 2708 anno,-
567 2644 689 2697 hiemem
713 2651 741 2697 et
756 2642 845 2695 Pisces
868 2642 985 2709 liniunt,
1007 2646 1046 2698 ah
1070 2646 1107 2698 cis
1125 2658 1163 2695 ves
1195 2650 1206 2707 '3'

147 2715 259 2784 incipit,
282 2712 335 2764 huc
359 2721 400 2764 est
422 2711 518 2765 ariete.
535 2738 567 2750 -
602 2720 665 2770 312.
682 2712 733 2764 Cin
753 2729 783 2783 ps
806 2712 940 2781 oppidum
964 2720 1007 2764 est
1029 2722 1058 2767 et
1072 2714 1162 2765 ilnmeu
1197 2754 1202 2771 ,

147 2784 257 2835 Africae
280 2781 400 2850 regionis
424 2781 642 2842 Garamantum
671 2730 752 2852 apud
768 2797 815 2833 eos
832 2781 915 2840 ¹hirci
939 2782 1101 2836 villosissimi
1122 2796 1162 2833 na·
1198 2772 1209 2848 ξ

145 2860 271 2915 sciuntur,
294 2868 361 2917 quos
377 2851 493 2903 tondent
510 2852 545 2903 ad
561 2850 650 2902 cilicia
667 2851 766 2917 quibus
782 2856 884 2901 nautae
906 2856 1033 2905 utuntur.
1049 2880 1083 2891 -
1112 2854 1161 2910 338
1197 2856 1209 2917 ,²

145 2921 284 2988 Halcyone
300 2920 354 2971 fuit
370 2920 425 2971 filia
442 2920 533 2983 Aeoli,
557 2936 624 2970 uxor
640 2919 751 2987 Ceycis,
774 2935 828 2987 quo
851 2918 882 2970 iu
898 2920 1048 2990 naufragio
1068 2921 1162 2983 anuo,
1198 2927 1206 2961 :-

144 2997 252 3042 mutata
269 2988 356 3039 estin
374 3005 471 3041 navem
489 2988 682 3056 Halcyoniarn,
704 2988 782 3039 cuius
805 2994 899 3058 partus
924 2988 994 3040 dum
1018 2990 1161 3053 erelauno,
1196 2979 1209 3056 ξ

143 3060 199 3109 VII.
217 3057 312 3110 diebus
335 3074 413 3109 mare
434 3057 561 3125 quietum
585 3064 633 3108 est.
666 3055 795 3108 Acanthis
818 3072 890 3124 quae
905 3055 1017 3111 Graece
1039 3060 1108 3112 dicta
1121 3064 1161 3121 etl,

143 3127 243 3179 Latine
261 3126 395 3178 carduelis
411 3134 539 3189 vocatur,
562 3124 706 3178 acarduo.
739 3124 823 3176 Dumi
841 3133 974 3178 vocantur
997 3144 1093 3201 aspera
1109 3126 1158 3179 loca
1197 3125 1209 3181 ξ

144 3205 173 3247 et
195 3195 313 3259 inculta,
341 3195 478 3246 oollieose.
519 3192 643 3266 Mapalie
672 3194 733 3246 loca
755 3194 863 3245 deserte
885 3194 998 3247 Punice.
1040 3194 1159 3249 Numida·
1194 3183 1209 3242 l

142 3264 262 3333 mapalia
286 3272 384 3314 vocent
404 3270 478 3314 tecta
500 3279 563 3328 sua,
590 3279 660 3331 quae
682 3262 819 3314 subductis
844 3262 959 3316 navibus
981 3274 1048 3336 post
1061 3266 1157 3319 missum
1194 3261 1209 3327 :J

140 3349 239 3402 regem
250 3332 358 3396 Persea,
374 3333 482 3383 inversa
499 3347 550 3401 pro
563 3331 703 3383 domicilio
720 3329 825 3384 hebere
841 3340 1003 3403 coeperunt.
1036 3334 1158 3405 Amyue

141 3419 204 3465 um,
229 3399 407 3452 Laconicum.
449 3401 593 3465 Cressam,
616 3402 794 3465 Cretensem,
817 3401 882 3469 (pria
904 3400 946 3452 ibi
969 3402 1070 3473 optimi
1089 3401 1158 3471 sagii»
1195 3406 1209 3468 Ξ

140 3469 205 3523 tatii
221 3476 291 3520 sumt.
325 3468 461 3539 Rhodope
478 3484 557 3521 mons
574 3469 720 3522 Thraciae.
752 3469 880 3522 Medium
896 3482 992 3537 esem,
1009 3471 1158 3543 septentrio·
1190 3470 1209 3546 ’.ξ

139 3555 206 3593 nem
223 3538 298 3590 dicit.
314 3564 350 3576 -—
383 3543 447 3596 382.
463 3538 538 3589 Euro
553 3538 690 3606 significat
706 3547 801 3604 vento,
818 3554 876 3590 non
893 3542 991 3609 utique
1007 3558 1057 3608 eo,
1072 3540 1116 3611 qui
1129 3536 1157 3591 alt

139 3618 203 3661 ortu
226 3607 292 3672 flat,
314 3605 364 3659 sed
385 3622 419 3659 eo
443 3621 528 3674 quem
544 3607 709 3676 Aquilonem
732 3622 868 3659 vocamus.
903 3608 1046 3677 Riphaeos
1066 3616 1157 3661 mortu
1196 3610 1209 3667 2²}

159 3677 258 3741 uidam¹
282 3683 447 3746 putaverunt
469 3674 557 3744 Alpes.
604 3675 656 3727 Sed
685 3676 798 3746 proprie
827 3683 892 3726 sunt
914 3677 1036 3749 Riphaei
1064 3684 1156 3731 montet
1199 3708 1209 3733 s

136 3694 270 3816 depuisa.
303 3743 445 3813 Scythium
461 3742 679 3810 interpretantur
694 3745 781 3812 lupini
805 3744 945 3813 colorem,
968 3746 1081 3817 quidem
1098 3744 1156 3799 hihi-
1196 3748 1209 3812 ζ

136 3832 224 3867 scum,
242 3844 274 3857 -
308 3820 371 3872 391.
387 3812 507 3863 Munere
531 3821 597 3875 etc.;
620 3813 693 3879 Pan,
716 3813 852 3865 Mercurii
868 3813 954 3878 filius,
977 3832 1046 3867 curu
1062 3818 1155 3869 Lunam
1197 3817 1209 3880 ἶ

136 3884 325 3953 concupisset,
356 3889 384 3933 et
409 3881 527 3933 haberet
550 3881 687 3950 optimum
711 3898 809 3950 pecus,
835 3891 967 3953 poscente
992 3904 1043 3953 ee,
1063 3893 1157 3959 partein
1195 3933 1198 3939 ,

137 3954 244 4022 pecoris
268 3967 320 4022 pro
346 3950 496 4002 concubitu
519 3950 620 4002 dicitur
644 3950 796 4018 pollicitus,
821 3959 849 4000 ct
866 3951 935 4003 duas
958 3963 1052 4022 partes
1074 3955 1157 4009 lecim
1194 3958 1208 4013 ἶ

134 4036 270 4093 gregum,
299 4034 423 4091 qssartun
451 4018 571 4073 alteram
594 4018 800 4087 candidiorem,
829 4017 879 4075 sed
905 4020 989 4076 leuse
1018 4022 1157 4085 crauicritt
1194 4013 1209 4114 Ξ

1195 4166 1206 4267 i

1201 4272 1209 4295 l
