2288 4514
74 309 113 353 m
136 285 301 351 naon.
325 285 601 359 reunia-nn.
624 284 679 364 ri,
702 248 895 383 aes-fisu-
968 292 1013 355 27

11 482 15 492 '
44 474 85 526 Et
101 473 224 524 navalia
241 471 332 543 posuit
349 488 400 539 pro
415 466 549 536 trabibus,
566 471 601 524 de
618 470 717 540 quibus
733 487 814 524 nava
828 438 917 524 fiunt*
940 469 1014 522 Nam
1098 516 1101 521 ,

11 558 113 605 merus
132 542 175 609 (Π.
192 560 223 612 7,
240 542 294 602 62.)
311 537 403 607 νήϊον,
429 542 496 594 dicit
513 543 614 592 nauale
626 542 806 608 dignum-v·
840 546 901 599 331.
919 536 1013 591 Prima
1051 567 1055 571 -
1113 586 1121 603 ,

11 624 123 683 ζμητις
153 620 181 663 et
203 626 236 662 ex
259 627 377 678 numero
401 618 431 662 et
452 627 484 660 ex
507 610 651 662 nobilitate
673 611 831 678 legatorum
852 608 1015 677 intelligitur

11 682 82 753 'gotii
98 679 274 749 magnitudo.
292 707 326 717 —
368 687 431 737 333.
447 681 584 746 [durique
602 680 763 746 eborisque,
787 679 824 732 ad
848 693 947 729 eurum
970 692 1015 729 re·

11 760 81 814 itin,
103 768 143 801 an
170 759 199 799 et
220 749 257 799 ad
280 747 369 801 ebur?
394 749 458 816 quie
481 756 510 798 et
533 749 602 798 ebur
629 748 664 799 ad
688 748 795 815 pondus
818 743 963 810 venditum]
980 770 1014 785 -·

11 818 44 879 it.
59 819 93 869 Et
116 817 216 869 uliam
235 825 302 879 etc,
327 817 397 869 bene
416 821 531 885 nostri„
547 816 742 869 Romanorum
767 816 841 869 enirn
866 815 1016 883 imperato·
1061 846 1065 856 ι

11 888 46 941 'ln
59 887 168 956 insigne
185 884 239 936 fuit
255 886 321 938 sella
338 885 439 936 curulis
456 894 484 937 et
500 886 606 937 trabea.
648 886 720 936 Ndm
740 886 867 937 diadema
883 881 1015 934 italarum

11 950 33 1011 Ι.
54 968 83 1007 ut
106 954 251 1016 aliarum)
276 956 404 1024 gentium
427 970 507 1022 reges
529 970 587 1006 non
611 953 759 1015 habebant.
808 954 844 1003 Et
865 951 1016 1019 sciendum,

11 1022 73 1085 Bam
90 1024 219 1076 curulem
237 1040 254 1075 a
274 1040 362 1075 curru
378 1023 496 1087 dictam,
517 1024 592 1091 quod
615 1022 645 1074 hi
667 1030 776 1075 tentum
801 1039 834 1074 en
857 1021 1015 1087 utebantur,

11 1092 208 1165 titrimnpheli
224 1109 310 1144 curru
325 1093 426 1144 invecti
448 1093 569 1144 fuissent.
605 1091 680 1142 Sicut
703 1092 788 1145 etiem
810 1089 930 1171 palmata
947 1088 1015 1141 dici·

11 1178 30 1215 u
42 1170 114 1231 toga,
128 1178 217 1230 quam
233 1162 415 1213 merebantur
433 1160 481 1230 qui
496 1167 681 1230 reportassent
692 1162 727 1212 de
743 1160 867 1212 hostibus
884 1158 1015 1230 palmam.

11 1228 116 1299 nmque
134 1248 151 1283 a
165 1247 253 1282 curru
273 1229 346 1281 dicta
363 1230 398 1280 sit
408 1231 490 1295 ,cuius
507 1231 600 1298 prima
607 1229 716 1297 syllaba
728 1229 904 1298 producitur,
919 1235 1016 1279 tamen

11 1300 91 1351 trudis
116 1301 196 1350 sedes
238 1299 342 1350 rimam
359 1298 486 1369 corripit.
520 1298 647 1350 Lucanus
672 1299 824 1365 (3,107.>:
851 1296 1016 1364 Vccuuequs

10 1369 72 1420 dm
95 1317 283 1434 curulesd-
314 1371 378 1427 335.
397 1368 432 1416 In
457 1368 596 1432 medium5
619 1367 649 1418 in
672 1383 829 1419 commune.
862 1366 900 1419 Ut
922 1365 972 1431 (G.
990 1370 1017 1430 1,

10 1437 67 1501 Π.);
95 1437 132 1487 In
156 1438 280 1489 medium
305 1437 476 1503 quaerebant
499 1439 614 1504 ipsaque
639 1434 730 1488 tellus.
754 1460 789 1475 -
837 1441 898 1494 336.
923 1433 1015 1502 [Tum

10 1508 111 1558 'raaces
137 1508 227 1571 idem3
258 1504 385 1556 videlicet
408 1506 474 1575 quia
495 1521 578 1572 supra
602 1506 677 1573 apud
699 1507 812 1558 Aenean
836 1501 958 1573 egerat]
980 1496 1021 1541 -“

10 1582 43 1633 n.
60 1576 187 1644 obliqua
207 1574 336 1633 invidia3
358 1573 421 1633 hoc,
437 1580 491 1640 est,
513 1575 561 1641 qui
583 1590 640 1625 non
664 1590 697 1628 ex
714 1584 810 1643 aperto
834 1571 1018 1644 impugnabat

11 1660 122 1696 usuum:
145 1644 196 1697 sed
212 1658 278 1696 eum
301 1641 470 1710 reipublicae
487 1642 616 1694 simulata
634 1640 792 1696 defensione
815 1641 964 1695 lacerabat.
980 1666 1016 1680 -

10 1718 43 1770 33
60 1711 121 1763 Lar
162 1731 177 1764 s
195 1730 279 1779 opum
289 1735 298 1774 ,-
315 1712 458 1762 abundans
475 1712 586 1780 opibus,
603 1711 690 1762 dives:
708 1726 764 1762 non
782 1712 847 1780 quia
864 1710 952 1762 mun
968 1710 1017 1762 do·

10 1788 69 1833 rtet.
104 1731 234 1850 [dingen
253 1782 368 1844 melior,-
392 1788 423 1831 ut
455 1787 484 1844 1,
502 1781 589 1841 4413:
613 1777 804 1832 Laetissimus
823 1776 942 1831 umbra?
954 1776 1018 1853 ι831·

10 1850 88 1905 ttius:
111 1850 269 1902 Fructuum
292 1849 444 1916 pabulique
469 1851 559 1902 laetus
583 1847 671 1916 agen]
688 1876 723 1886 -
757 1854 820 1907 339.
836 1847 903 1901 Non
915 1847 1018 1978 {utilis

10 1931 97 1983 uctor5
122 1935 181 1972 nou
204 1918 302 1970 inanis.
342 1918 417 1969 Nam
440 1918 525 1970 futilis
548 1918 659 1986 (futile3
684 1917 776 1970 Guelf.
791 1916 814 1970 1.
829 1917 919 1988 suetis
939 1952 946 1982 ,
972 1932 1018 1969 vat

10 1988 122 2039 reddam
141 1997 183 2047 est
203 1987 260 2040 lato
278 2001 342 2052 oro,
367 1987 453 2038 fundo
477 1995 608 2060 angusto,
632 2002 686 2054 quo
710 1986 848 2055 [anguste]
868 1986 1018 2039 utebantur

10 2059 111 2109 ‚sacris
129 2059 237 2121 Vestae,
254 2056 319 2124 quia
335 2070 407 2123 aqua
424 2056 458 2109 ad
476 2073 553 2108 sacre
569 2054 688 2125 [Vestae]
706 2056 803 2109 hausta
820 2057 850 2109 in
866 2063 943 2107 terre
959 2069 1018 2107 non
1062 2070 1065 2081 ·

10 2126 108 2177 mitur:
134 2125 209 2194 quod
226 2126 249 2176 si
266 2125 328 2187 fiat,
350 2124 489 2195 piacidum
507 2133 554 2176 est.
590 2124 668 2176 Unde
691 2125 875 2193 excogitatum
900 2131 942 2178 est
964 2138 1019 2190 vnn,

10 2195 57 2246 iod
80 2202 157 2247 stare
174 2209 232 2246 non
248 2201 352 2264 posset:
377 2191 426 2244 sed
449 2195 568 2266 positum
590 2193 685 2244 statim
707 2195 905 2246 effunderetur.
939 2187 1019 2246 Uinde

10 2263 121 2314 ¹isorno
144 2263 291 2314 commissa
314 2277 370 2313 non
394 2262 529 2328 retinens,
545 2262 649 2332 futilis
672 2262 781 2314 dicitur.
817 2261 937 2327 Contra,
960 2277 1019 2314 noa

10 2333 94 2397 uilis,
111 2331 201 2383 bonus
218 2332 248 2383 in
264 2330 396 2395 consiliis,
412 2346 468 2382 non
484 2332 583 2383 inanis.
598 2358 633 2368 -
668 2338 729 2390 340.
746 2330 888 2383 seditione
904 2340 1020 2397 potens,-

10 2409 149 2469 nepotens
177 2400 208 2451 in
233 2401 414 2464 movendam,
442 2416 500 2452 non
522 2400 553 2450 in
576 2401 818 2468 comprimendam
846 2398 1020 2451 seditionem.

10 2471 167 2538 'aperbum3
191 2485 243 2536 pro
267 2467 380 2534 nobile]
405 2493 438 2506 -
485 2472 547 2526 341.
571 2469 711 2520 Incertum
736 2469 768 2520 de
792 2480 872 2538 patre
891 2467 1019 2536 ferebam

10 2555 39 2590 in
55 2539 227 2607 ignobilem,
249 2538 296 2589 sed
313 2538 421 2606 penitus
437 2536 597 2606 ignoratum
614 2538 770 2606 [significat.
804 2537 856 2589 Alii
874 2539 1020 2604 incertum,

10 2616 30 2657 rt
52 2608 146 2679 ipsum
164 2615 274 2676 patrem
293 2615 340 2657 aut
357 2621 442 2674 genus
459 2607 586 2670 tradunt,
609 2614 638 2661 et
663 2606 734 2660 bene
751 2606 831 2673 segni
847 2605 956 2658 homini
972 2622 1020 2673 pt·

10 2692 92 2727 rnam
112 2693 169 2726 non
187 2675 262 2726 dedit
278 2675 461 2727 nobilitatem.
479 2681 529 2712 -'
547 2679 609 2733 342.
628 2674 743 2744 Surgit;
761 2675 806 2728 hic
823 2660 947 2728 reddidit*
959 2690 1019 2726 sen·

10 2761 59 2795 im:
79 2745 154 2794 Tum
174 2743 302 2795 Drances
321 2741 432 2810 surgit]
468 2744 576 2797 Onerat
594 2745 695 2808 dictis,
714 2745 767 2797 hoc
784 2759 914 2796 sermone
932 2750 1021 2794 osten·
1118 2788 1121 2792 .

11 2822 108 2866 teum
126 2813 172 2881 (al.
187 2811 326 2874 Turnum)
344 2813 430 2864 etiam
447 2829 480 2864 ex
497 2813 620 2864 oratione
635 2820 781 2878 gravatum
793 2812 894 2865 Latini.
928 2812 1020 2883 [Irasff

10 2883 89 2948 orni,
121 2901 159 2934 an
177 2882 303 2933 omnium
321 2882 368 2947 qui
392 2881 496 2933 bellum
519 2880 763 2947 detestabunturd]
788 2904 822 2921 ·-
863 2884 924 2937 343.
950 2881 1019 2932 Rem

9 2953 61 3002 alli
80 2952 249 3014 obscurem,-
273 2949 370 3001 callide
395 2957 422 3002 et
446 2950 567 3004 oratorie
584 2951 657 3017 agit:
684 2958 712 3002 et
733 2948 764 2999 in
783 2947 910 3002 omnibus
928 2951 1021 3003 adulu-

9 3020 55 3071 ’τῖε
78 3021 231 3088 respondet
253 3017 331 3070 dictis
353 3017 456 3071 Latini.
496 3018 586 3086 Supra
616 3019 693 3071 enim
723 3017 769 3069 ius
794 3018 899 3071 dixerat
922 3022 1021 3086 (illds

10 3101 54 3139 nte
78 3091 195 3155 oculas,
220 3089 343 3153 interque
367 3105 471 3140 manus
495 3100 563 3140 suat
587 3089 684 3139 urania
710 3098 825 3140 vestras.
858 3085 928 3142 Sane
946 3088 1023 3156 quasi

9 3157 160 3210 raedictum
179 3164 319 3209 oratorem
336 3157 474 3226 exprimit,
489 3157 555 3226 quia
571 3173 655 3225 snpra
673 3157 707 3206 de
725 3171 757 3207 eo
770 3156 850 3209 dixit:
867 3156 903 3207 Et
920 3156 1022 3225 lingua

13 3228 92 3279 elior.
128 3227 177 3298 [Et
193 3243 250 3278 rem
269 3227 478 3295 consulis,pro
496 3227 529 3277 de
548 3242 576 3277 rc
595 3226 731 3276 consulis.
763 3225 889 3280 Plautus:
915 3224 1023 3279 Consu-

11 3313 40 3346 τι
57 3296 198 3364 quiddam
215 3299 270 3359 est,
294 3295 368 3360 quod
385 3307 474 3347 tecum
492 3295 566 3346 volo.
600 3293 653 3346 Sed
670 3293 809 3358 Drances,
832 3293 1024 3346 sicutdictum
1093 3331 1097 3335 -

9 3372 41 3430 rt,
63 3364 208 3435 rhetorice
225 3361 322 3427 suadet
337 3364 371 3416 de
394 3381 478 3436 pace,
501 3379 568 3415 nam
592 3370 620 3414 et
636 3378 734 3434 pacem
756 3361 913 3416 faciendam
930 3362 1025 3417 horta-

9 3449 39 3498 ιτ,
56 3439 85 3486 et
98 3431 304 3485 accusationem
316 3430 346 3484 in
359 3433 487 3486 Turnum
501 3431 596 3499 dirigit
609 3439 638 3484 et
651 3449 722 3500 qliae
735 3432 765 3482 in
779 3431 818 3498 (a)
831 3431 932 3489 Latino
946 3432 1029 3503 indu:

8 3501 110 3553 itenter
128 3501 255 3561 universa
272 3499 438 3568 dictasunt,
463 3517 534 3568 quae
557 3517 657 3572 pacem
679 3501 740 3553 fieri
757 3499 919 3553 stradeant*
935 3500 1025 3553 Dran·

9 3586 31 3623 ss
55 3569 158 3622 eadem
176 3568 236 3637 (Dr.
253 3568 288 3621 ed
305 3568 373 3630 esd.)
398 3571 492 3624 omnia
514 3570 683 3642 respondens
707 3568 784 3621 addit
807 3568 893 3621 etism
916 3568 950 3623 de
967 3569 1025 3623 iilia

9 3638 77 3690 mda
94 3639 221 3702 Aeneae,
237 3637 311 3705 quod
328 3637 443 3691 Latinus
460 3647 525 3691 ante
541 3640 708 3693 reticuerat:
735 3636 815 3706 Quin
835 3649 931 3690 natam
949 3655 1024 3710 egre·
1106 3680 1109 3693 .

9 3710 33 3759 io
51 3724 175 3775 genero.-
200 3706 277 3774 quasi
293 3722 350 3757 non
367 3707 448 3763 aliter
460 3700 546 3759 ¹firme
564 3708 618 3761 erit
634 3722 687 3777 pax
704 3720 789 3773 quam
806 3703 868 3759 fieri
883 3706 936 3774 vis,
959 3708 1026 3777 quie

9 3775 91 3828 debat
107 3775 162 3828 hoc
179 3775 306 3828 Turnum
323 3777 443 3842 graviter
460 3793 517 3829 esse
534 3777 666 3840 laturum,
681 3774 713 3826 in
727 3773 861 3828 invidiam
877 3790 1026 3846 personam

9 3860 42 3896 ns
68 3843 224 3897 adducens:
253 3841 358 3893 Dicam
382 3846 524 3911 equidem,
552 3846 617 3899 licet
640 3861 721 3895 arma
747 3842 832 3910 mihi,
857 3856 1025 3910 mortemque
1099 3869 1104 3879 ·

9 3914 126 3979 dacem,
143 3920 173 3964 et
189 3929 224 3964 ne
241 3911 347 3962 mirum
363 3921 435 3966 esset
451 3914 498 3982 qui
514 3913 552 3964 sic
569 3913 657 3966 libere
674 3911 869 3982 responderet,
885 3920 950 3968 ante
966 3913 1028 3965 eius

9 3997 125 4034 :moret
143 3989 172 4036 et
189 3996 300 4033 ceruam
315 3982 465 4051 praedixit:
487 3981 605 4048 Lingua
624 3981 739 4045 melior,
755 3981 893 4032 reditione
909 3994 1024 4053 potense

9 4051 58 4107 iem
82 4058 137 4105 etc.
187 4048 265 4104 Duae
290 4057 394 4119 ‚tamea
417 4050 463 4104 hio
484 4050 630 4106 iadeudm
653 4048 730 4120 pacis
752 4047 902 4120 praecipue
923 4064 1024 4105 mutae
