2288 4514
131 292 135 301 ,
217 236 233 317 ,“
282 258 815 336 massmanno-ns
996 246 1102 357 31⁵,

59 442 80 497 i
100 450 219 526 pectore
233 446 384 501 mseeuuu.
400 474 435 487 -
467 455 532 508 ets
548 448 689 515 conplexa
707 449 804 515 pedaess
826 441 918 515 σχῆμα
934 442 1064 503 διανοίας.

59 530 103 565 est
119 532 197 566 enim
215 512 315 567 onuua¹
334 534 391 568 non
408 526 466 569 tam
483 520 673 571 narrationem
692 534 776 586 quarn
794 555 803 569 .
818 556 825 568 .
843 555 849 568 .
873 519 1062 586 spectaculum

63 582 91 633 '.
105 592 172 637 ante
187 585 361 637 nuntiantur.
372 614 407 624 -
441 592 505 643 074.
521 585 696 654 Parvuiaque
713 588 791 653 patri
808 587 934 637 tsndsbnt
949 586 1062 651 Iulum,

59 666 86 702 a
105 660 150 711 est
163 668 249 719 quam
267 655 290 703 si
306 655 426 705 dixisset.-
448 655 522 707 Mihi
547 664 578 707 ut
594 660 630 708 ad
646 656 824 709 retinendum
841 694 851 707 .
866 690 874 706 .
890 693 898 707 .
915 655 949 705 tis
968 656 1004 705 vis
1021 658 1062 706 al-

60 716 156 773 tiliois
180 730 251 773 esset
274 722 338 785 (hoe
362 724 473 786 omine).
493 751 526 761 -
560 731 623 783 678.
645 727 681 791 Et
705 726 822 775 coniunx
845 725 988 793 quondam
1011 737 1063 773 tun

59 790 195 857 inquom
217 792 333 843 ieninici
349 792 449 843 doloris
468 792 602 860 obiectio,
618 811 673 861 qua
689 810 741 845 nec
758 793 839 845 decus
857 812 890 845 ea
908 795 1013 858 (decors
1031 792 1062 856 a),

59 862 132 911 trito
150 874 218 911 uxor
234 860 416 928 relinquenda
433 870 571 931 proponat
588 899 595 913 .
614 900 650 915 ,ι
683 862 739 913 rius
764 877 894 929 personas
911 862 947 913 ad
963 864 1063 915 suffra-

59 940 107 979 tm
129 926 293 979 retentionis
318 930 433 992 olsiciat;
458 939 553 983 tamon
576 931 624 981 ubi
648 882 683 983 ei
699 946 780 990 suurn
802 933 927 1001 pervenit
949 947 1063 996 nomen,
1085 957 1088 965 ·

59 990 198 1049 finenem
221 999 269 1049 sui
292 1007 407 1051 accusat.
425 1026 459 1037 -
494 1003 533 1051 At
547 1012 625 1065 poter
643 999 797 1064 Anchises,
820 1002 940 1070 peritum
963 1001 1064 1052 misita-

59 1078 95 1135 ²².
116 1064 323 1135 disciplinarum
340 1068 477 1119 Anchisen
501 1070 584 1120 luisse
602 1107 609 1119 .
627 1108 633 1121 .
651 1108 658 1120 .
674 1077 759 1120 ssunt.
793 1068 915 1121 Naevius
933 1106 940 1120 .
957 1105 989 1121 ..
1014 1068 1064 1137 qui

61 1132 138 1209 &deo
163 1137 210 1201 (de
227 1134 271 1197 eo)
295 1136 347 1187 ait:
373 1136 475 1187 Doctus
494 1138 630 1202 Anchisa,
654 1154 738 1206 quem
761 1138 850 1189 Venus
874 1137 1064 1208 pulcherrima

59 1202 151 1265 Usum)
167 1206 228 1257 iata
245 1200 342 1270 docet,
362 1205 486 1257 divinum
510 1215 541 1257 ut
561 1216 657 1275 pectus
673 1206 799 1271 haberet.
831 1206 881 1257 Plu
899 1244 909 1258 .
924 1244 931 1256 .
948 1245 955 1259 .
972 1212 1065 1277 polita

59 1270 95 1334 Ι)
107 1288 241 1339 serenum
258 1281 328 1325 erat.
341 1298 374 1311 -·
408 1280 471 1333 093.
487 1276 618 1327 Intonuit
636 1278 762 1339 laevum,-
779 1273 920 1326 sinistrum
937 1276 954 1326 i.
972 1294 998 1329 e.
1015 1279 1064 1325 lto-

59 1352 114 1409 n,
126 1340 165 1394 ab
180 1358 216 1395 eo
231 1341 308 1411 qisod
323 1380 333 1393 .
348 1381 357 1395 .
372 1379 383 1395 .
396 1342 459 1395 ideo
477 1344 581 1395 dictum
597 1346 633 1395 sit
650 1382 660 1396 .
675 1382 683 1397 .
699 1381 707 1397 .
724 1345 796 1412 qnod
813 1345 843 1395 in
861 1344 985 1415 posticis,
1001 1344 1020 1395 i.
1037 1360 1065 1395 e.

59 1412 140 1487 [um.-
163 1410 220 1465 ssd
235 1410 343 1463 tuhnen
360 1410 434 1465 unde
451 1413 587 1478 exoritur,
603 1413 634 1465 id
650 1414 752 1465 servari
771 1420 896 1484 oportet,
912 1420 940 1464 et
957 1413 1063 1465 tonitru

59 1490 80 1529 ιι
90 1478 222 1533 desinit.
237 1517 247 1531 .
261 1517 271 1533 .
285 1478 417 1546 sinist(r)a
432 1488 526 1547 tonat,
549 1482 686 1552 optimum
702 1482 733 1532 lit
749 1482 917 1551 auspicium,
939 1481 962 1532 si
979 1481 1065 1531 modo

59 1560 90 1602 ιι
109 1549 223 1619 possins
243 1549 294 1603 sed
317 1550 413 1601 criticis
438 1548 535 1602 evenit
560 1578 596 1589 -
636 1556 698 1609 694.
716 1550 800 1603 Stella
819 1551 916 1618 focem
942 1551 1067 1615 ducens,-

59 1616 155 1687 ,μιαί
177 1616 235 1683 ait,
256 1618 394 1672 Troianos
414 1620 522 1671 stellam
546 1620 647 1673 ducem
671 1619 839 1671 discessionis
862 1619 989 1671 habuisse
1006 1657 1014 1669 .
1032 1650 1065 1669 ..

59 1685 227 1743 osraenos.
258 1686 332 1755 Quid
354 1688 379 1739 si
402 1688 495 1741 facem
512 1688 632 1741 ducens?
667 1688 771 1740 Omnes
788 1688 864 1741 enini
875 1688 931 1755 'qui
948 1689 981 1741 de
998 1702 1065 1756 pro-

59 1754 111 1819 aas
130 1755 226 1825 aliqua
247 1756 434 1822 scribserunt',
450 1758 546 1821 aiunt,
569 1758 643 1825 quod
667 1756 690 1807 si
707 1792 716 1807 .
732 1794 740 1808 .
756 1793 765 1807 .
782 1772 799 1805 o
817 1756 945 1809 exciderit
962 1794 968 1806 .
986 1794 996 1809 .
1011 1794 1018 1807 .
1035 1772 1065 1807 r..

59 1824 137 1879 trdus.
166 1822 252 1903 Atqui
267 1824 397 1879 Anchises
415 1827 489 1878 velut
511 1826 616 1877 bonum
641 1825 795 1894 auspicium
813 1843 869 1877 esse
887 1825 1003 1875 laetatus
1021 1832 1063 1877 est

59 1922 64 1937 ·
82 1910 123 1945 ,ι
139 1892 237 1961 peritis
253 1895 342 1963 magis
359 1904 503 1964 acceptum
519 1904 568 1959 est,
585 1895 659 1963 quod
674 1895 702 1945 iu
720 1911 751 1945 re
769 1931 775 1944 .
793 1933 802 1946 .
818 1930 826 1945 .
842 1893 940 1945 dolosis
953 1893 1067 1945 adversa

59 1962 114 2025 {rtis
138 1962 267 2033 prodigia
293 1962 400 2014 casibus
424 1979 490 2033 eripe
508 2003 514 2015 .
532 2003 538 2015 .
557 2003 564 2017 .
580 1992 616 2002 -·
656 1970 717 2021 703.
746 1962 872 2013 Vestrum
896 1962 948 2013 hoc
972 1980 1064 2029 nogu-

59 2042 127 2097 tunp
152 2030 325 2082 discessionis
351 2040 378 2083 et
402 2033 608 2099 (vaticinii...
631 2032 802 2102 reparandae
827 2034 916 2099 gentis
940 2032 1064 2100 interpre

59 2106 140 2153 ..ut
154 2114 213 2151 non
229 2100 333 2169 perisse
351 2100 467 2170 fl'roiam
488 2102 631 2169 signorum
654 2103 841 2172 praesentium
858 2100 999 2152 niaiestate
1017 2100 1065 2151 do-

59 2175 144 2229 ·uturt
157 2168 207 2237 qui
222 2169 372 2221 numinum
386 2170 464 2222 favor
482 2187 506 2220 a·
516 2172 660 2223 serenitate
676 2180 822 2223 reseretur.
839 2195 872 2207 -
907 2174 968 2227 714.
988 2168 1066 2222 cen.

59 2254 76 2289 s
98 2236 240 2299 desertam
264 2240 342 2307 quasi
365 2257 382 2289 a
405 2238 463 2291 iilia
484 2240 648 2304 derelictae,
669 2247 889 2309 perpetuumque
912 2238 1067 2307 epithetum

59 2306 137 2357 ciunt
159 2314 274 2377 propter
296 2316 409 2377 raptum
431 2308 627 2377 Proserpinae,
653 2310 694 2360 vel
716 2345 725 2359 .
747 2346 755 2358 .
780 2345 787 2358 .
810 2324 839 2363 m
865 2324 949 2375 quem
971 2316 1067 2377 postea

59 2382 98 2427 uit
120 2374 227 2429 inlesos
250 2374 316 2427 vidit
338 2378 443 2428 Aeneas
469 2380 522 2444 (el.
538 2384 571 2443 6,
588 2377 674 2437 484).
715 2376 873 2427 Inritatione
897 2394 962 2428 sarie
986 2378 1067 2429 huius

59 2444 162 2511 nmen,
187 2442 297 2495 atinde
315 2452 403 2497 tracta
421 2446 590 2497 existimatur
608 2483 615 2496 .
633 2483 640 2496 .
658 2482 665 2495 .
699 2449 771 2511 „Ara
788 2454 830 2497 est
846 2446 922 2496 Isidis
940 2446 1065 2498 desertae

59 2514 85 2567 io
101 2511 259 2585 appellatae
278 2523 392 2583 propter
409 2516 567 2567 hidusniodi
583 2530 710 2566 causam:
735 2514 800 2582 quia
817 2516 957 2581 quondam
982 2530 1013 2565 ea
1036 2513 1068 2565 li-

59 2588 104 2636 lris
121 2618 131 2635 .
147 2618 184 2635 ..
207 2588 235 2635 et
256 2596 308 2651 per
331 2584 538 2651 inprudentiam
563 2600 653 2651 agnae
674 2584 763 2635 hostia
789 2593 962 2647 consecrata,
992 2582 1068 2650 quod

59 2652 177 2705 intimae
200 2666 287 2719 genus
311 2652 380 2709 adeo
404 2672 420 2704 a
443 2652 519 2703 cultu
541 2653 617 2703 Deae
642 2652 699 2703 eins
724 2653 847 2703 alienum
871 2660 926 2715 est,
959 2664 988 2701 ut
1015 2653 1066 2719 qui

59 2738 132 2773 :asra
149 2718 210 2771 eius
224 2718 374 2784 celebrant,
389 2722 504 2790 agmina
521 2739 603 2773 carne
621 2721 730 2789 penitus
747 2728 834 2771 seruet
850 2721 1067 2771 abstineant?-

59 2798 93 2849 l7.
112 2788 187 2855 Cape
204 2804 288 2839 sacra
307 2806 393 2839 manu
402 2812 412 2854 ,·
440 2792 524 2841 Varro
542 2791 662 2841 secundo
680 2790 861 2840 historiarum
879 2789 1067 2856 (annaliumi

59 2858 194 2913 .chuis
215 2872 244 2923 p.
261 2862 313 2923 81,
330 2866 363 2915 17
387 2859 430 2910 ed.
455 2858 574 2921 Putsch.)
597 2861 697 2921 refert,
721 2860 847 2922 Aenean,
870 2868 950 2924 capta
975 2858 1069 2925 Troia,

59 2946 128 2991 cem
141 2942 207 2977 cum
221 2924 346 3001 plurimis
361 2942 514 2996 occupasse,
530 2944 687 2997 magnaque
700 2927 819 2977 hostium
837 2964 845 2979 .
863 2964 871 2978 .
886 2965 894 2977 .
912 2928 1068 2979 obtinuisse

59 2996 156 3051 isuadi
179 3002 354 3063 potestatem.
398 2998 439 3045 lta
464 3034 471 3049 .
496 3033 502 3046 .
527 3035 534 3047 .
560 3000 679 3048 anferre.
721 2995 847 3061 Cumque
872 2996 945 3046 circa
969 2998 1068 3063 (erma)

59 3082 155 3135 resque
172 3064 238 3116 alias
255 3054 343 3115 celsini
359 3072 549 3129 morarentur,
571 3068 684 3117 Aenean
705 3073 816 3134 patrem
833 3080 913 3115 sunm
936 3065 1005 3117 collo
1023 3084 1069 3117 es·

62 3132 152 3199 lisse3
179 3132 408 3199 mirantibusque
431 3134 538 3184 Achivis
562 3135 635 3185 hanc
659 3134 808 3202 pietatem,
830 3133 965 3186 redeundi
986 3134 1069 3185 llinm

59 3206 145 3277 spiam
164 3202 276 3269 datam,
293 3217 324 3251 ac
342 3202 414 3252 Deos
432 3202 546 3253 Penates
563 3202 661 3271 ligneis
678 3201 770 3269 sigillis
788 3201 831 3252 vel
845 3201 967 3271 lapideis,
984 3212 1071 3261 terre·

59 3292 73 3327 ι
91 3289 148 3343 quo
170 3286 213 3331 ue,
223 3273 334 3323 Aenean
353 3286 511 3337 ...quarn
535 3288 598 3323 rem
616 3271 738 3321 Graecos
754 3277 894 3338 stupentes
912 3274 1005 3323 omnia
1022 3290 1072 3325 sua
1124 3285 1128 3293 ’

59 3288 183 3397 uerendi
204 3346 369 3409 potestatem
393 3338 512 3401 dedisse,
535 3357 622 3407 eaque
646 3376 703 3391 ...
726 3364 761 3377 ··-
804 3339 908 3391 Atticus
934 3342 968 3393 de
991 3350 1071 3411 patre

59 3410 190 3475 intentit,
213 3406 248 3463 de
272 3406 422 3459 Penatibus
444 3416 544 3475 negat,
565 3407 617 3459 sed
638 3424 670 3460 ex
694 3406 884 3460 Samothracia
908 3407 937 3460 iu
963 3412 1072 3463 Italiam

59 3486 171 3535 nectos.
207 3476 312 3527 Contra
329 3491 414 3545 qnam
431 3476 592 3545 opinionem
609 3479 730 3530 refertur
747 3512 755 3527 .
773 3516 781 3528 .
799 3515 805 3527 .
824 3496 841 3529 a
858 3480 963 3543 Vestae,
977 3480 1073 3531 incen-

59 3546 167 3603 tDeas
192 3544 251 3597 eins
274 3544 352 3609 aris,¹
369 3560 401 3595 ex
426 3546 513 3596 ruinis
537 3545 631 3596 troicis
654 3546 778 3597 liberata.
813 3547 927 3599 Additur
952 3549 1038 3599 etiam
1054 3566 1072 3601 a

59 3648 76 3672 ι.
95 3614 194 3669 Cassio
212 3614 343 3665 Censorio
369 3608 564 3679 (Hernina9),
587 3606 723 3666 miraculo
746 3615 835 3683 magis
852 3618 962 3668 Aenean
986 3619 1072 3687 patris

59 3724 96 3741 ..
116 3682 183 3749 reni
207 3680 282 3734 inter
305 3682 397 3734 hostes
420 3682 556 3735 intactum
581 3684 782 3756 properavisse.
829 3687 899 3736 Item
923 3685 1073 3751 (Varrol)

59 3754 217 3807 istoriarum
233 3750 307 3803 libro
326 3750 354 3801 .I.
370 3751 424 3803 ait:
449 3752 498 3803 llio
516 3762 597 3823 capto
616 3791 623 3804 .
640 3790 647 3805 .
665 3792 675 3806 .
691 3752 836 3804 Penatibus
856 3755 957 3804 umeris
973 3753 1074 3825 inposi-

59 3842 72 3877 s
88 3822 229 3893 erupisse,
250 3820 372 3886 duosque
389 3820 458 3869 filios
475 3824 623 3873 Ascanium
641 3831 668 3874 et
684 3823 844 3890 Eurybaten
867 3821 997 3875 bracchio
1016 3823 1073 3876 eiras

59 3892 144 3947 inho·
157 3896 228 3947 ante
245 3904 296 3939 ora
312 3886 434 3939 hostium
452 3907 519 3957 prae
537 3928 568 3942 ..
588 3929 594 3941 .
611 3908 624 3941 s
642 3892 727 3943 etiam
744 3893 770 3943 ei
787 3906 883 3953 naves,
901 3907 1075 3943 concessum-

59 3978 101 4025 ns,
115 3958 150 4011 u't
165 3972 234 4027 qim
251 3956 332 4009 vellet
347 3958 383 4009 de
400 3958 514 4011 navibus
532 3976 643 4011 securus
661 3960 780 4012 veheret.
795 3986 828 3997 -
863 3965 926 4016 719.
942 3958 1074 4013 Flumine

59 4030 121 4093 iso,
145 4028 238 4081 soient
259 4026 377 4093 qnidam
400 4027 565 4084 calumniari
588 4027 655 4098 quid
677 4028 777 4081 dixerit
798 4028 866 4080 vivo.
906 4026 961 4081 Sed
984 4038 1026 4081 est
1048 4038 1078 4085 et
