2424 4506
206 274 245 315 m
268 206 427 316 vtacn.
448 249 605 315 ancon
627 252 688 331 n,
712 250 944 330 rs-v11,s.
1029 259 1092 327 nn

60 428 286 495 lutrenienrihus
306 438 412 492 tulisset
432 438 580 506 auxilium,
602 437 648 505 ac]
668 438 814 492 Pandionia
830 438 998 493 Athenarum
1020 441 1095 507 regis

93 508 98 519 '
156 508 299 559 Procnenr
315 510 429 561 nornine
443 507 560 561 duxisset
578 524 699 573 errorem,
715 514 744 559 et
759 516 822 575 post
838 509 1007 576 aliquantum
1025 516 1095 560 tem·

74 590 113 643 plu
127 576 163 629 alr
181 594 216 629 ea
234 585 388 643 rogaretur,
405 584 436 627 ut
451 576 504 628 sibi
515 574 696 629 Philomelam
713 592 838 627 sororem
855 594 932 628 suam
949 576 1094 629 videndam

77 652 233 709 accerseret,
250 646 389 711 proiectus
405 644 524 697 Athenas
541 647 608 697 dum
624 646 735 697 adducit
750 645 889 711 puellam,
913 661 975 697 eam
993 646 1094 697 vitiavit

77 710 225 779 luithere,
248 720 277 765 et
293 713 318 765 ei
335 712 478 781 linguam,
500 732 536 765 ne
553 714 658 765 lacirrus
674 712 822 777 indicaret,
839 713 969 777 abscidit,
991 714 1094 783 [inclu-

71 792 175 849 tamque
191 782 223 833 in
241 780 352 831 stabulis
369 779 495 847 reliquit,
512 782 659 833 ementitus
676 782 802 850 coniugi,
829 798 892 835 eam
910 783 1010 853 perisse
1027 800 1095 834 riuu-

79 849 159 921 hegio.
200 848 257 901 Sed
277 848 442 919 Philomela]
465 849 527 915 (llla
550 852 663 911 tamen)
686 866 748 901 rem
771 850 801 901 in
824 859 897 903 veste
921 858 971 900 suo
994 866 1094 903 cruore

65 905 228 989 '‘hcriptam
244 918 320 967 misit
334 916 437 969 sorori:
454 934 509 987 qna
525 936 556 970 ra
573 920 681 987 cognita
693 918 798 969 Procne
814 920 885 989 Itym
901 918 990 969 filium
1007 920 1093 971 inter·

67 986 148 1053 eruit,
164 994 192 1039 et
208 986 282 1057 patri
300 985 469 1055 epulandum
486 989 618 1059 apposuit.
654 986 717 1057 [ulii
734 987 856 1037 Tereum
872 988 978 1039 linxisse
995 1003 1093 1047 socero

81 1050 299 1107 tumr-uocaui
316 1070 430 1105 rnorem
447 1064 602 1119 mortuam,
626 1062 653 1105 et
670 1054 768 1123 petisse
786 1054 965 1107 Philomelam
988 1056 1018 1108 in
1035 1073 1095 1109 ma·

82 1122 240 1189 timonium,
262 1130 292 1175 et
315 1122 369 1173 hoc
393 1122 489 1175 dolore
512 1124 680 1193 compulsam
698 1123 822 1175 Procnen
846 1124 974 1177 occidisse
996 1125 1095 1191 filiurn,

83 1192 277 1273 §epulandum
294 1190 366 1263 patri
384 1191 556 1261 apposuisse,
579 1206 646 1269 quies
671 1206 734 1241 cum
752 1191 856 1243 Tereus
879 1193 972 1260 agnito
989 1193 1093 1247 scelere
1190 1243 1194 1253 ,

83 1258 287 1329 insequentum]
308 1262 348 1327 (ct
364 1258 470 1329 postea)
488 1275 584 1311 omnes
601 1276 631 1311 m
648 1276 709 1317 aves
727 1258 827 1311 mutati
842 1267 920 1326 sunt,
943 1262 1047 1313 Tereus
1062 1261 1093 1315 in

83 1342 193 1451 ψῃ,
208 1329 223 1379 Ι
251 1345 263 1380 s
279 1329 308 1379 in
321 1328 459 1395 phassam,
474 1328 579 1380 Prot-m
595 1328 624 1394 in
641 1327 825 1394 hirundinem,
841 1329 992 1381 Philomela
1007 1330 1038 1381 in
1053 1330 1095 1381 lu·

83 1398 123 1449 trio
177 1436 185 1451 .
220 1398 232 1465 [
260 1396 355 1447 isidam
373 1404 468 1447 tamen
486 1412 531 1447 eos
548 1396 659 1447 navibus
678 1397 805 1464 effugisse
821 1397 990 1464 periculum,
1011 1406 1040 1457 et
1057 1398 1093 1449 ob

83 1464 236 1519 celeritatem
258 1466 361 1531 logne,
389 1480 451 1517 eves
474 1464 622 1535 appellatos
645 1463 764 1531 volunt]
789 1491 823 1502 -
872 1470 915 1523 79.
939 1465 1092 1518 Philomela

83 1532 162 1599 depes,-
182 1532 265 1601 atqui
281 1532 334 1585 hoc
350 1533 456 1584 Procne
472 1532 551 1584 fecit:
575 1548 630 1584 non
646 1531 812 1594 Pliilomela3
835 1533 883 1585 sed
907 1542 956 1585 aut
971 1534 1094 1587 abutitur

83 1603 191 1655 nmine:
207 1608 266 1653 aut
282 1601 324 1653 illi
344 1600 477 1667 imputat,
500 1608 613 1674 propter
638 1618 722 1669 quam
745 1602 850 1652 iactum
868 1608 914 1652 est.
953 1603 1005 1672 [Et
1021 1604 1093 1658 bene

70 1670 121 1721 nir
141 1678 169 1723 et
189 1668 314 1723 hominis
337 1668 448 1721 miscuit
464 1669 644 1721 mentionem.
680 1667 758 1735 Quae
776 1670 850 1719 dona
867 1677 994 1736 pararr't3
1019 1672 1093 1740 quod

83 1738 159 1801 {tinto
181 1739 276 1791 Tereo
299 1744 383 1805 caput
407 1744 435 1786 et
458 1738 539 1807 podes
562 1737 610 1788 filii
636 1752 703 1788 uxor
726 1738 856 1789 intulerit.
879 1764 914 1776 —
960 1744 1002 1795 80.
1027 1739 1091 1807 Quo

84 1820 165 1879 αττηις
183 1806 256 1872 ,licet
278 1806 399 1857 volatum
423 1806 551 1876 accipere
574 1806 738 1869 debeamus,
762 1813 855 1859 tamen
872 1805 989 1857 Deserta
1007 1811 1091 1889 petie-

85 1876 110 1927 n't
128 1884 216 1945 potest
238 1872 275 1926 ud
300 1874 444 1925 hominem
460 1872 568 1926 referri.
585 1902 619 1911 -
654 1880 696 1929 itt.
714 1873 770 1922 Sua
789 1887 857 1924 tecta
876 1878 1092 1943 supervolitave-

85 1943 188 2009 n't,·lroc
204 1943 337 1995 adaram
355 1942 534 2009 pertinet-
569 1946 612 2000 82.
629 1941 799 2007 Medicam,
826 1942 963 2009 canente]
980 1970 1013 1983 -
1047 1952 1092 2003 83.

84 2008 202 2075 hrotasp
226 2010 324 2061 literius
341 2010 499 2078 Laconum,
522 2010 571 2079 qui
593 2008 707 2077 [eredita]
724 2011 760 2061 ab
777 2012 900 2080 Apolline
918 2028 978 2063 sutis
995 2015 1093 2067 edocet

84 2076 169 2147 buron,
200 2078 301 2149 quibua
325 2078 383 2131 eius
408 2079 504 2149 plenae
527 2085 589 2129 sunt
611 2078 705 2145 ripae,
735 2079 792 2147 [ibi
814 2096 934 2148 namque
957 2082 1092 2151 templum

73 2146 193 2219 'lpollinis
216 2156 269 2212 est,
292 2164 359 2201 nam
375 2147 450 2199 hunc
473 2146 589 2198 fluvium
606 2146 751 2217 Hyacinthi
774 2164 855 2201 causa
872 2149 967 2218 Apollo
991 2152 1092 2203 dicitur

46 2270 48 2275 ,
85 2230 176 2271 merse.
209 2210 325 2267 Lauros
348 2230 413 2267 vero
437 2214 517 2267 multi
544 2230 594 2284 pro
611 2214 716 2266 vatibus
732 2218 877 2283 accipiunt.
895 2242 928 2255 -
963 2224 1005 2276 84.
1023 2219 1091 2285 Ille,

84 2277 174 2339 ἤπυε.
207 2284 360 2353 Referunt;
376 2282 420 2335 vel
434 2284 542 2349 ferunt,
560 2282 601 2334 vel
617 2286 776 2353 proferunt,
793 2302 847 2353 quo
864 2286 948 2337 verbo
965 2288 1044 2339 aliter
1061 2288 1091 2339 in

85 2352 186 2421 equari
210 2368 290 2405 versu
314 2352 406 2403 utitur.
425 2378 458 2390 -
493 2356 535 2409 85.
556 2351 657 2418 Cogere
675 2353 761 2402 donec
780 2371 843 2405 ones
861 2355 1091 2421 stabulir,··ordo

46 2420 52 2435 ''
85 2428 123 2474 est:
141 2436 241 2491 cogere
266 2420 353 2473 donec
377 2434 438 2472 oves
462 2419 575 2471 stabulis
597 2435 692 2493 vesper
716 2420 806 2486 iussit,
829 2428 857 2473 et
879 2422 962 2473 invito
981 2424 1091 2495 olympo

83 2493 203 2567 pausent.
236 2488 368 2557 Referre;
390 2485 554 2551 recensere-J
570 2515 604 2524 -
638 2494 682 2545 86.
698 2488 734 2539 Et
759 2492 849 2540 invito
873 2494 1008 2559 processit
1032 2510 1091 2543 ves·

49 2619 54 2626 ¹
85 2570 118 2621 per
137 2558 256 2629 Olympo
263 2578 273 2621 ς
298 2565 327 2609 et
349 2572 381 2608 ex
405 2573 454 2621 eo,
479 2556 552 2634 quod
573 2556 632 2608 dies
655 2556 754 2607 invitus
778 2559 920 2610 abscessit:
944 2568 972 2610 et
994 2576 1025 2612 ex
1048 2577 1092 2626 eo,

46 2636 53 2645 '
84 2626 138 2692 {tud
158 2628 250 2681 nimio
279 2624 407 2677 audiendi
437 2624 572 2676 desiderio
596 2640 690 2694 vesper
721 2634 829 2677 exortus
853 2634 906 2692 est,
937 2628 1091 2681 cantilenae

47 2699 55 2710 '
84 2694 184 2766 ”luptas
202 2694 361 2762 ostenditur.
395 2694 454 2765 [Est
470 2692 555 2745 etiam
572 2692 635 2743 solis
650 2694 784 2757 laudatio,
810 2695 885 2745 cuius
901 2695 968 2746 lucis
984 2697 1091 2749 claritas

46 2757 139 2837 Jltulo
153 2772 208 2831 est,
224 2771 257 2815 ut
272 2780 306 2815 ea
322 2761 456 2831 Olympus
471 2760 608 2827 laetetur.]
643 2761 779 2830 Olymp03
796 2762 815 2815 i.
833 2782 856 2814 e.
875 2762 958 2814 caelo.

46 2909 54 2920 '
130 2898 278 2953 ECLOGA
300 2899 356 2951 vn.
403 2904 427 2954 1.
451 2896 532 2949 Forte
557 2900 608 2949 sub
633 2910 734 2965 arguto
760 2901 922 2950 consederat
944 2900 1008 2950 ilice
1030 2900 1090 2951 De-

46 3029 48 3035 ,
82 2966 163 3033 plenis,
181 2968 280 3035 ecloga
296 2967 366 3019 haec
382 2982 453 3037 pene
469 2973 526 3017 tnta
539 2966 683 3019 Theocriti
701 2974 751 3017 est:
769 2985 836 3018 nam
854 2979 882 3019 et
897 2968 987 3037 ipsum
1004 2978 1092 3020 trans-

46 3096 49 3104 ,
81 3036 139 3103 ulit,
163 3044 193 3089 et
218 3036 306 3087 mttlta
322 3034 358 3087 ad
375 3050 438 3087 eam
456 3034 489 3085 de
506 3034 565 3086 aliis
582 3035 724 3103 congessit.
759 3036 865 3102 Arguta
890 3044 982 3087 autem
1006 3038 1090 3089 modo

46 3119 48 3126 '
80 3118 177 3171 notra,
194 3104 318 3163 stridula.
351 3101 423 3153 Alibi
442 3114 592 3168 argutum,
608 3103 691 3153 breve
708 3102 853 3167 significat:
872 3111 902 3153 ut
918 3106 963 3171 (G.
981 3114 1006 3170 3,
1024 3108 1091 3166 80.):

79 3172 249 3242 legatumque
272 3184 363 3239 caput.
404 3170 552 3235 Daphnis,·
584 3171 707 3221 divinum
736 3170 809 3223 hunc
839 3172 958 3236 inducit,
987 3176 1090 3243 quippe

46 3238 49 3243 ’
77 3237 145 3294 flium
160 3241 312 3305 Mercurii,
335 3247 366 3289 ut
389 3238 504 3289 diximus
527 3255 616 3308 snpra.
650 3238 723 3288 Nam
746 3239 812 3291 hinc
834 3248 887 3304 est,
913 3243 985 3308 quod
1008 3244 1090 3313 paulo

77 3310 261 3380 puttdicttarus
278 3316 332 3361 est:
364 3305 451 3373 Caper
469 3308 523 3357 tibi
539 3308 638 3357 salvus
656 3318 681 3356 et
698 3309 788 3358 lraeds'.
824 3308 907 3377 Quasi
925 3311 1037 3363 divinus.
1056 3340 1091 3348 -

76 3378 373 3447 tssompnlerontque5
400 3377 574 3443 compellere,
597 3375 709 3444 proprie
727 3376 813 3427 estin
829 3392 923 3427 unum·
940 3379 1032 3430 locum
1048 3380 1092 3430 vel

46 3442 48 3453 '
76 3444 172 3515 literae,
189 3444 233 3499 vel
248 3446 419 3497 diversorum
437 3444 566 3495 animalia
583 3458 692 3510 cogere.
726 3444 835 3511 [Cicero
851 3446 880 3494 in
898 3445 995 3497 Pisone
1012 3449 1092 3516 (3652

77 3502 148 3567 Orh'ni
160 3531 259 3585 pecore
273 3512 423 3579 compulso.
437 3538 470 3548 -
505 3518 531 3569 4.
548 3512 690 3562 Florentes
705 3513 855 3576 aetatibus,-
873 3512 925 3564 lroc
944 3523 984 3566 est
1000 3526 1090 3568 aetate

76 3580 196 3650 florente]
232 3582 354 3633 Arcades
372 3582 469 3644 nmlo;
487 3596 544 3631 non
560 3597 592 3631 re
610 3596 672 3632 vera
690 3578 822 3631 Arcades:
837 3596 905 3630 narn
921 3583 994 3653 apud
1010 3584 1090 3634 Mau-

67 3656 137 3703 'tun
151 3668 199 3704 ree
216 3650 320 3719 agitur:
343 3649 390 3701 sed
407 3648 446 3698 sic
463 3648 561 3715 periti,
578 3655 608 3697 nt
626 3664 671 3699 eos
687 3648 805 3698 Arcades
821 3656 939 3717 putares.
973 3652 1045 3702 Nam
1062 3658 1091 3702 et
1156 3662 1159 3671 ·

75 3720 140 3787 patilo
162 3726 227 3790 post
252 3717 372 3769 dicturus
396 3724 449 3769 est:
476 3716 538 3767 Soli
561 3727 674 3767 contere
698 3718 782 3781 periti
799 3718 928 3768 Arcades.
946 3741 980 3755 —·
1015 3727 1039 3776 5.
1056 3718 1090 3768 Ει

77 3800 173 3839 eantare
191 3804 290 3855 pares,
307 3798 332 3835 et
352 3786 514 3851 respondere
531 3786 627 3850 parati
633 3806 641 3849 ;
666 3784 794 3849 honest,
817 3785 864 3853 qui
881 3793 990 3856 possent
1006 3788 1090 3838 etiam
1129 3818 1138 3833 .

76 3857 222 3909 continuum
244 3871 357 3905 carmen
382 3852 481 3904 dicere.
516 3854 589 3903 Nam
612 3853 666 3903 hoc
690 3860 732 3904 est
753 3861 879 3906 cantare:
901 3861 933 3902 ut
957 3858 1005 3920 (5,
1022 3853 1090 3915 20.):

76 3920 222 3975 Extinctum
247 3922 393 3989 Nymphae
417 3923 525 3971 crudeli
543 3922 648 4041 {unere
673 3920 820 3985 Daphnin.
868 3922 918 3972 Vel
941 3927 989 3987 (5,
1014 3924 1090 3983 56.):

75 3988 207 4063 tanetum
231 3993 374 4044 insuetum
398 3992 519 4043 miratur
556 4006 637 4042 umen
663 3989 786 4059 Olympi.
842 3989 878 4043 Et
899 3989 1089 4044 emorraeum
