2424 4506
760 114 765 139 Ι
806 102 809 115 .

184 312 187 317 -
235 240 290 351 ἰη
305 287 465 351 vraors.
490 286 725 366 roconis,
750 286 840 356 oa-
856 285 945 369 us
1054 291 1119 357 125

68 473 120 527 eires
137 473 291 527 beneficia
314 474 417 527 divinos
442 474 561 526 honoras
578 473 695 538 meruit,
720 480 751 524 ut
768 473 844 539 (Aen.
862 478 894 540 1,
910 470 978 533 79.):
1004 470 1119 523 Tuder
1192 520 1196 527 ,

68 545 160 611 epulis
189 545 359 603 accumbere
385 545 492 595 divum.
537 542 607 610 [Alii
638 541 746 606 dicunt,
776 542 864 609 quod,
895 557 960 591 cum
983 541 1121 593 Vulcanus

68 622 202 683 parentes
222 628 288 664 suos
307 612 355 662 diu
372 619 532 680 quaereret,
556 628 607 663 nec
632 610 780 674 inveniret,
804 610 888 662 sedile
905 609 974 662 fecit
996 610 1064 676 tale,
1088 617 1120 659 ut

69 696 133 731 aum
152 681 279 746 (Duker.
299 682 340 741 in)
354 697 389 733 eo
406 682 454 749 qui
472 679 597 743 sedisset,
614 695 728 746 surgere
745 694 803 730 non
820 685 918 748 posset,
934 678 963 728 in
981 694 1035 745 quo
1054 695 1120 729 curu

73 751 228 801 adsedisset
245 752 329 815 Iuno,
353 765 406 800 uec
422 756 514 817 posset
531 763 692 815 exsurgere,
716 747 850 798 Vulcanus
874 746 984 813 negavit
1002 763 1031 799 se
1048 745 1121 797 solu-

74 824 168 868 turum
187 819 323 881 omniuo,
346 819 399 868 nisi
422 818 498 883 prius
515 825 643 886 parentes
666 831 728 866 suos
752 815 804 866 sibi
821 822 1015 880 monstrasset,
1038 822 1120 882 atquo

76 883 114 935 its
134 887 247 936 factum
264 893 320 948 est,
344 895 374 937 ut
398 885 427 936 in
444 886 569 937 Deorum
591 900 742 936 numerum
765 885 945 955 reciperetur.
979 882 1049 935 Sane
1069 900 1119 933 nec

79 950 153 1003 Deus
171 952 383 1015 launomarus,
406 954 455 1004 dlii
477 955 517 1005 ita
541 953 713 1020 intelligunt,
727 953 814 1021 'qtrusi
838 962 897 1004 tam
914 954 968 1003 cito
987 953 1119 1004 extinctus

81 1021 125 1086 alt,
146 1030 178 1071 ut
195 1039 250 1074 nec
269 1020 372 1073 Veu'eri
395 1039 447 1073 nec
464 1022 568 1072 Libero
585 1022 707 1091 potuerit
724 1022 841 1089 operari.
875 1021 994 1072 Proinde
1017 1021 1120 1073 nobili·

81 1088 128 1140 bus
150 1091 248 1156 pueris
271 1090 352 1140 editis
375 1090 405 1140 iu
430 1090 502 1141 atrio
528 1089 624 1139 domus
642 1090 740 1141 lunoni
763 1091 863 1154 lectus,
887 1091 999 1141 Herculi
1021 1105 1119 1141 mensa

82 1163 242 1225 ponebatur.
276 1158 344 1210 Non
362 1159 440 1225 deus,
456 1159 475 1209 i.
492 1177 516 1210 e.
533 1159 664 1228 luppiter.
701 1157 759 1209 Nec
778 1160 846 1224 dec,-
863 1158 881 1210 i.
898 1176 921 1209 e.
938 1157 1085 1224 Minerva]

145 1294 297 1359 ECLOGA
313 1298 344 1347 V.
379 1295 530 1363 [Menalcas
548 1294 676 1362 Virgilius
693 1295 739 1346 hic
756 1295 927 1364 intelligitur,
945 1295 993 1364 qui
1010 1296 1119 1349 obitum

85 1364 171 1415 irruis
193 1365 237 1414 sui
253 1364 345 1416 Flacci
362 1364 461 1416 deflet:
486 1365 541 1427 vol,
566 1371 596 1413 ut
613 1363 661 1414 alii
677 1364 785 1429 volunt,
809 1365 1032 1416 intersectionem
1050 1366 1121 1417 Cae-

85 1433 155 1483 saris.
196 1433 320 1500 Mopsus
344 1449 409 1484 vero
433 1433 564 1484 Aemilius
586 1432 683 1483 Macer
708 1433 870 1484 Veronensis
893 1433 975 1483 Poeta
982 1470 990 1498 ,
1013 1435 1119 1485 amicus

87 1499 205 1568 virgili]
229 1524 265 1539 —·
300 1509 326 1561 1.
353 1501 411 1553 Cur
435 1519 493 1552 non
517 1500 630 1568 Mopse,
655 1503 740 1563 boni,
765 1503 932 1553 inducuntur
956 1503 1011 1552 duo
1035 1503 1120 1554 amici
1151 1538 1154 1543 -

91 1579 205 1635 pretores
230 1587 332 1624 canere
356 1571 391 1623 ad
415 1569 643 1621 delectationem:
673 1570 751 1620 Unde
777 1578 804 1620 et
826 1587 855 1621 se
878 1569 992 1621 laudant
1015 1579 1042 1623 et
1065 1571 1119 1622 sibi

90 1638 197 1701 invicem
214 1640 323 1691 cedunt
358 1640 433 1690 Boni
451 1648 555 1702 autem,
572 1638 653 1690 docti.
687 1639 723 1687 Et
739 1638 856 1706 figurate
874 1639 926 1703 ait,
942 1638 1010 1691 boni
1026 1641 1120 1706 ambo,

79 1706 108 1757 .i.
121 1724 143 1758 e.
176 1708 221 1757 Tu
239 1709 365 1759 calamos
386 1707 489 1775 inflare
508 1710 595 1771 leois‚·
620 1706 756 1775 [calamos
781 1715 828 1757 aut
845 1708 916 1771 leues
934 1725 1033 1759 versus
1057 1709 1075 1759 i.
1094 1728 1118 1760 e.

92 1774 199 1842 subtiles,
216 1778 265 1828 sed
284 1777 383 1829 melius
397 1787 437 1829 est
451 1789 480 1826 tu
496 1779 620 1827 calamos
637 1778 716 1834 leues,
735 1794 783 1842 ego
801 1776 891 1839 dicere
905 1793 1011 1829 versus.
1043 1777 1119 1829 Boni

94 1844 171 1895 disere
184 1854 279 1898 autern
293 1848 435 1898 Graecum
452 1854 508 1908 est;
525 1846 563 1898 ita
576 1845 678 1897 Grueci
695 1840 800 1912 dyadis
817 1842 979 1911 πολεμίζειν.
1015 1845 1118 1898 Dicere

93 1928 148 1964 true
164 1932 212 1984 pro
231 1920 347 1979 canem
372 1922 402 1964 ut
425 1917 519 1968 Horat.
537 1916 640 1980 (Germ.
657 1921 689 1978 1,
707 1916 773 1975 21.):
798 1914 927 1964 Dianam
946 1928 1054 1966 tenerae
1074 1918 1117 1966 di-

95 1984 139 2033 cite
154 1986 296 2052 virgines,
320 1984 433 2052 ponitur
457 1990 484 2035 ct
500 1999 552 2056 pro
572 1985 735 2048 nominare,
758 1992 789 2035 ut
806 1986 883 2049 (Aen.
901 1989 933 2047 1,
950 1980 1037 2047 533J):
1062 1985 1119 2035 lta-

96 2050 152 2101 lism
169 2055 277 2104 dixisse
296 2055 379 2103 ducis
398 2053 430 2103 de
449 2055 561 2103 nornine
579 2051 707 2120 gentem]
725 2078 758 2088 -
802 2060 826 2108 3.
843 2051 900 2101 Hic
919 2054 1025 2120 corylis
1044 2052 1117 2104 mix-

96 2124 217 2173 tesiam
234 2123 415 2173 consedimus
434 2123 541 2187 ulmos3
561 2122 628 2171 ordo
647 2131 701 2172 est:
726 2121 782 2171 Cur
800 2136 855 2171 non
874 2120 973 2188 Mopse
990 2123 1036 2174 bic
1053 2139 1119 2175 con·

97 2190 199 2241 sumu
223 2192 297 2242 inter
323 2191 411 2240 ulmos
429 2191 527 2243 mixtas
552 2189 667 2257 corylis,
683 2189 800 2253 scilicet„
824 2197 855 2239 ut
871 2207 1011 2243 canamus.
1046 2191 1117 2244 Sene

97 2258 156 2309 ister
178 2260 360 2329 praepositio,
384 2260 457 2325 quie?
472 2260 623 2340 pustposita
648 2266 701 2323 est,
724 2258 841 2308 nmtavit
864 2268 1024 2327 accentum,
1048 2262 1119 2319 sicut

98 2324 202 2380 Circum.
219 2356 254 2366 -
295 2333 321 2384 4.
339 2327 402 2394 [Tu
422 2345 530 2391 maror,
555 2327 572 2377 i.
591 2346 614 2379 e.
639 2327 681 2378 vel
704 2335 786 2390 natu,
810 2326 851 2378 vel
874 2328 995 2393 merito]
1013 2355 1047 2367 -·
1088 2320 1115 2388 ὃ.

96 2394 146 2447 Sive
167 2399 219 2461 sub
248 2399 372 2449 incertas
389 2397 534 2465 Zephyris
559 2397 733 2446 motantibus
760 2397 889 2458 umbras3
913 2398 979 2448 dicit
1004 2398 1117 2466 quidem

97 2468 249 2530 verecunde,
267 2483 295 2518 se
312 2466 352 2516 illi
371 2465 699 2535 obtemperare'debere3
717 2465 835 2515 ostendit
851 2473 963 2530 tamen,
981 2468 1046 2533 quid
1065 2468 1118 2518 sibi

97 2534 195 2600 placeat.
229 2536 303 2585 Nam
321 2551 351 2586 ex
369 2535 429 2602 ipsa
451 2536 531 2596 laude
550 2536 639 2597 antri,
663 2541 738 2584 etex
757 2533 890 2584 arborum
909 2536 1118 2601 vituperatione,

92 2602 198 2669 ,bunum
222 2604 344 2655 incertas
368 2604 482 2654 umbras
506 2602 586 2670 [esse]
612 2602 692 2665 dicit,
718 2602 837 2654 ostendit
853 2609 931 2654 suain
949 2606 1116 2656 sententiam

95 2687 140 2725 stre
155 2673 309 2724 meliorem.
342 2673 468 2734 Incertae
483 2675 587 2723 'autem
605 2672 721 2722 umbrae
739 2679 801 2721 sunt
820 2679 846 2722 et
864 2690 894 2723 ex
913 2672 975 2722 solis
993 2674 1117 2737 circuitu,

96 2748 118 2790 et
129 2758 157 2793 er
174 2742 331 2793 mobilitate
350 2749 508 2805 uentorum,
526 2741 599 2808 quod
616 2741 674 2806 ipse
692 2740 778 2791 etiam
796 2739 1039 2807 dicitsZephyris
1059 2761 1115 2795 mo-

95 2812 207 2861 lentibus
226 2812 350 2862 umbras.
383 2809 465 2877 [Saue
484 2811 661 2859 succedimus
679 2817 706 2859 et
723 2808 812 2859 dativo
836 2817 863 2859 et
880 2810 1032 2860 accusativo
1050 2813 1116 2862 casi-

96 2875 134 2929 bus
158 2888 268 2932 secutus
297 2887 357 2929 tam
380 2888 516 2943 veterem,
547 2894 631 2945 quam
661 2885 786 2929 nostram
815 2877 1043 2929 consuetudinem
1067 2896 1115 2931 suo

94 2963 158 3000 nore
175 2948 282 3014 iungit,
298 2948 353 2999 sive
373 2949 487 2999 umbras
506 2948 699 3010 succedimus,
722 2948 777 2996 sive
795 2958 892 3010 antro,
909 2963 973 2995 curn
993 2948 1059 2998 alibi
1076 2966 1116 3000 sce

95 3025 283 3067 musterium
300 3017 443 3085 antiquos,
466 3017 555 3067 dativo
571 3023 682 3066 tantum
700 3015 844 3065 succedere
862 3015 981 3067 iunxerit
998 3009 1073 3080 (Aeli.
1091 3026 1119 3083 8,

94 3087 168 3149 ital:
192 3087 231 3134 Ac
251 3088 357 3137 uostris
382 3087 497 3135 succede
515 3086 679 3150 pensilibus,
703 3090 730 3134 et
747 3090 796 3149 (7,
813 3085 899 3143 501.):
923 3084 1118 3153 successitque

94 3172 190 3220 gemens
214 3156 344 3205 stabulis.
385 3152 525 3204 Sallustius
548 3162 644 3204 tamen
671 3151 818 3203 succedere
844 3154 998 3203 accusativo
1021 3155 1117 3221 iunxit,

93 3224 129 3277 'etl
144 3224 189 3275 uhi
208 3239 295 3293 prope
313 3221 459 3291 significat:
480 3221 548 3271 Cum
569 3238 682 3273 murum
700 3219 823 3271 bostium
842 3225 1034 3287 sucpessisset,
1052 3243 1117 3291 poe.

94 3307 136 3343 aas
151 3293 279 3343 dederat:
304 3292 358 3343 hoe
376 3299 430 3354 est,
448 3307 512 3341 cum
531 3307 618 3360 prope
637 3306 751 3340 murum
769 3288 932 3342 accessisset.
967 3291 1117 3345 Succedere

92 3370 170 3413 autem
187 3362 265 3412 idern
282 3361 432 3428 significat,
451 3361 525 3428 quod
544 3368 584 3411 est
598 3358 708 3422 subire,
725 3357 742 3408 i.
761 3376 796 3415 e.,
814 3360 923 3426 penitus
940 3358 1066 3426 intrare]
1080 3388 1116 3401 ·-·
1143 3422 1146 3429 Ι

92 3437 111 3485 t.
126 3429 288 3493 Labruseu)
307 3430 367 3480 vitis
384 3429 511 3497 agrestis:
534 3446 620 3495 quae,
638 3426 703 3495 quia
720 3428 749 3476 in
766 3435 859 3479 terrae
877 3430 1049 3496 marginibus
1066 3450 1115 3483 na·

89 3499 177 3565 scitur,
195 3500 329 3551 labrusca
348 3497 421 3549 dicta
438 3506 494 3560 est,
521 3515 537 3547 a
554 3497 640 3548 labris
659 3503 686 3546 et
703 3497 921 3547 extremitatibus
940 3506 1047 3562 torrae,
1064 3501 1116 3567 [vel

90 3569 153 3637 quod
175 3585 275 3636 sapore
300 3566 505 3619 acerbo=labra
520 3564 632 3634 laedat]
650 3592 682 3600 -
719 3569 744 3620 8.
762 3564 911 3616 Montibus
936 3567 967 3615 in
992 3572 1114 3633 nostris,-

87 3652 114 3687 ac
130 3636 156 3689 'si
180 3638 300 3698 diceret,
326 3636 356 3687 in
379 3635 432 3686 hoc
455 3634 604 3685 territorio.
657 3633 724 3682 Tibi
748 3647 846 3696 certet3
879 3642 1040 3704 usurpatum
1065 3646 1113 3690 est.

86 3705 150 3757 Nam
166 3707 251 3757 bodie
268 3717 340 3755 certo
359 3718 448 3755 tecum
467 3703 591 3753 dicimus.
625 3702 786 3770 [Amyntan
811 3703 974 3754 Cornificius
992 3698 1114 3774 per'iro-

84 3772 152 3833 siim
175 3772 301 3838 dicitur}
319 3800 355 3811 ·—
397 3778 422 3829 9.
448 3769 539 3837 Quid,
564 3773 591 3822 si
618 3773 689 3822 idem
714 3783 796 3822 certet
820 3768 957 3823 Phoebum
982 3791 1114 3838 superare

85 3845 221 3905 eanend03
245 3844 366 3894 offensus
390 3841 596 3910 comparatione
620 3839 776 3905 inferioris,
797 3839 850 3891 hoc
874 3840 952 3891 dixit:
975 3840 1040 3894 licet
1056 3859 1113 3896 non

104 4012 129 4065 5)
157 4014 214 4050 luter
233 4010 342 4061 respuens·
361 4010 408 4050 libri
421 4012 455 4049 vt.
475 4008 565 4048 Sallustii
585 4011 716 4059 fragmentum
735 3994 853 4056 retulerint·
887 3994 921 4051 Er
940 3983 1041 4052 buslani
1059 4012 1112 4053 inter

157 4070 271 4120 fragments
283 4068 331 4107 libri
343 4068 376 4107 111.
391 4067 503 4120 profertur:
524 4080 594 4109 muros
608 4073 756 4110 messuram-⁸
