2288 4514
95 322 98 327 Ι
161 261 203 303 m
226 216 384 303 vuau.
405 188 572 353 'osona
594 240 629 317 1,
652 236 845 312 sti-151.
964 192 1042 313 us

12 432 69 479 cet
100 425 287 479 diversarum
307 439 421 493 rerum,
447 425 548 496 quibus
571 425 699 478 homines
722 441 852 493 repressa
874 433 1026 496 spontmea
1054 448 1058 455 ·

12 504 150 549 sternun-
165 496 265 548 rbrum
281 494 411 563 origine,
429 503 467 563 eti
481 503 621 547 terrarum
642 492 857 549 fructificatione
873 494 1027 565 coeperunt
1042 524 1047 531 ι

12 564 72 631 re.]
115 562 223 617 Labor
240 566 400 632 improbus,-
422 564 465 617 vel
480 580 612 633 magnus,
635 564 679 616 vel
694 564 761 616 nulli
779 565 942 635 probabilis:
965 564 1026 617 nul-

18 634 114 687 enim
134 640 182 685 est
197 642 306 686 amator
324 633 425 684 laboris
443 634 498 702 [vel
514 634 681 700 indefessus,
700 633 839 701 adsiduus,
855 639 914 686 sine
931 634 1026 687 mode·

12 702 112 769 rina]
139 729 179 742 —
226 708 286 765 146,
309 700 344 751 Et
368 703 450 754 duris
475 720 579 771 urgens
604 710 670 761 etas
693 704 828 769 [urgens,
856 719 971 773 cogens,
995 709 1025 756 et

12 772 46 825 ui
69 772 245 841 importune
275 770 409 835 insistens.
449 771 583 839 Egestas,
616 771 769 839 indigentia
795 789 903 835 ¹rerum.
944 772 1025 824 Prior
1096 836 1099 841 .

11 841 75 904 ior)
96 848 143 893 est
163 848 279 909 egestas,
294 856 379 908 quam
396 850 559 908 paupertas3
576 848 722 910 paupertas
740 838 815 893 enim
833 841 948 894 honesta
965 856 1024 893 esse

12 918 71 965 ut.
110 910 232 977 Egestas
248 916 345 961 autem
362 910 449 976 turpis
467 910 526 974 est']
559 910 666 961 Persius
691 909 859 974 (Prol.10.):
883 910 1024 978 Magister

12 982 52 1047 iq·
66 980 242 1047 ingeniique
259 980 381 1045 largitor
402 978 515 1044 Venter,
533 990 650 1046 negatas
669 978 774 1046 artifex
793 983 874 1045 sequi
891 997 1025 1031 necea-z

11 1056 36 1107 1.
54 1046 161 1099 Primo
180 1057 248 1111 etc.;
271 1044 364 1115 priina
382 1047 468 1099 Ceres
487 1064 570 1101 omne
593 1047 778 1115 agriculturae
800 1064 888 1117 genus
904 1050 1025 1103 homiui-

11 1132 23 1169 ι
47 1116 198 1169 indicavit.
244 1115 390 1187 superfluo
421 1118 498 1173 enim
521 1117 712 1185 quaestionem
735 1126 850 1169 movent
873 1119 1024 1186 [quidam]

11 1178 200 1253 undenarii,
228 1184 350 1237 dicentes
374 1185 481 1237 Osirim
504 1185 547 1237 vel
570 1184 775 1255 Triptolemum
799 1194 924 1238 aratrum
949 1189 1025 1241 inve·

11 1266 57 1309 Ιε.
101 1256 180 1307 Nam
204 1254 281 1307 alittd
303 1262 358 1319 est,
381 1270 467 1307 unam
491 1272 554 1307 rem
579 1254 720 1318 invenire,
743 1262 771 1306 et
794 1256 883 1321 aliud,
907 1273 1024 1309 omnem

11 1322 184 1377 rioulturam
207 1322 323 1375 docere:
348 1325 421 1391 quod
445 1324 512 1376 fecit
533 1324 631 1375 Ceres.
671 1323 746 1374 Nam
763 1323 878 1391 serrum
905 1326 1023 1379 dicendo

11 1400 78 1445 ueta
105 1393 278 1460 generaliter
299 1392 467 1444 rusticorum
491 1410 569 1444 arma
592 1392 794 1461 complectitur.
830 1393 911 1461 [Sane
934 1395 1024 1448 solum

11 1476 35 1513 ο
49 1476 162 1515 nomen
181 1471 222 1512 est
238 1462 269 1513 in
286 1460 474 1529 polysyllabis,
498 1462 570 1528 quod
588 1463 716 1511 ultimam
733 1462 870 1529 producat
885 1463 915 1514 in
931 1467 1023 1518 nomi·

11 1528 88 1597 tivo,
113 1538 144 1583 et
161 1546 236 1593 earn¹
249 1530 280 1581 in
297 1529 415 1598 obliquis
432 1530 577 1600 corripiat,
594 1537 625 1579 ut
642 1531 726 1583 Ceres
744 1530 872 1597 Cereris]
892 1557 925 1571 -
961 1538 1022 1592 148.

14 1614 83 1651 erae
102 1599 254 1669 dejicerent
271 1600 377 1662 silvae,·
404 1599 516 1665 (Sacrae
534 1600 623 1650 silvae
642 1600 711 1665 ait,)
736 1600 874 1668 emphasis
891 1609 946 1667 est,
962 1606 980 1653 i.
998 1622 1023 1656 e.

11 1682 66 1721 mu
88 1684 202 1733 sacrae,
226 1683 346 1737 quarum
369 1669 498 1720 sterilitas
522 1678 678 1720 ceterarum
697 1684 806 1736 quoque
827 1669 964 1736 significat
980 1673 1023 1724 in-

11 1738 210 1791 arundinum.
244 1738 350 1788 Arausa
374 1744 470 1789 autem
493 1748 556 1788 sunt
572 1736 660 1788 rubra
681 1753 765 1806 poma
781 1737 926 1802 silvarum,
950 1756 1022 1807 quae

11 1800 84 1859 bitu
105 1807 249 1859 unedones
265 1813 356 1857 vocat:
380 1808 453 1873 quod
478 1805 624 1876 asperitate
648 1822 697 1856 sua
720 1806 801 1923 plura
824 1806 868 1858 edi
886 1823 943 1860 non
960 1825 1023 1878 pos·

10 1874 53 1943 tet.
84 1874 186 1943 {Silvae
204 1883 298 1927 autem
315 1874 337 1925 si
354 1875 538 1926 nominativus
562 1873 676 1941 pluralis
694 1891 721 1925 es
738 1912 746 1939 ,
769 1874 887 1943 figurata
904 1877 1023 1932 deelina-

10 1950 93 2010 tea,
116 1944 140 1995 si
159 1944 305 2012 singularis
329 1943 462 2009 genitivus
487 1951 541 2007 est,
564 1942 731 2010 possessiva]
750 1970 785 1980 -
827 1950 887 2002 149.
911 1945 1022 1998 Victum

10 2012 105 2066 adoria
132 2025 264 2081 negaret,·
287 2011 404 2063 Dodona
429 2012 522 2065 civitas
540 2008 619 2079 Epiri
645 2020 700 2077 est,
723 2013 797 2065 iuxta
815 2030 899 2082 qisam
922 2032 1021 2068 nemus

10 2082 94 2134 tlovi
111 2091 269 2147 sacratum,
292 2089 320 2133 et
337 2080 481 2132 abundans
498 2081 643 2149 glandibus
666 2097 790 2152 semper,
813 2083 860 2150 [de
879 2084 956 2135 cuius
974 2104 1023 2139 ne-

10 2152 68 2203 oris
95 2151 244 2205 arboribus
268 2150 414 2202 columbae
438 2150 550 2203 oracula
572 2150 758 2217 penitentibus
782 2153 848 2204 dare
877 2169 1023 2208 consueve-

13 2218 65 2287 ut]
98 2221 179 2272 Unde
204 2228 233 2272 et
256 2213 317 2272 κατ’
341 2216 438 2285 ἐξυχήν
455 2219 588 2271 Dodonae
614 2218 699 2271 efficit
722 2223 904 2275 mentionem.
937 2224 1022 2293 [Quia

10 2288 47 2359 ⁵{it
70 2293 143 2361 (sup.
161 2288 212 2351 8.):
240 2289 395 2340 Chaoniam
414 2290 519 2356 pingui
535 2290 667 2355 glandem
686 2293 807 2341 vitatoriis
825 2292 933 2341 aristo:
958 2301 1023 2346 suut
1080 2338 1083 2345 .

10 2356 55 2411 tim
69 2360 199 2412 Chaones
215 2358 244 2409 in
262 2360 348 2427 Epiro
366 2359 482 2424 perinde
500 2364 530 2405 ut
545 2358 670 2408 Dodona.
705 2359 741 2409 Et
756 2367 847 2411 totum
865 2363 939 2428 quod
955 2362 1023 2415 dicit

10 2436 40 2493 π’,
55 2428 112 2481 boc
130 2435 188 2491 est,
205 2427 284 2478 Prius
300 2427 427 2478 homines
444 2434 475 2476 ut
491 2426 608 2493 legimus
625 2426 694 2495 pasti
712 2428 856 2496 glandibus
874 2439 951 2495 sunt,
968 2449 1021 2483 neo

10 2490 53 2549 iud
70 2498 108 2549 ad
124 2496 228 2548 victum
246 2496 424 2564 quaerebant.
459 2496 532 2553 Cum
549 2495 634 2564 igitur
657 2495 715 2546 iam
732 2497 882 2550 delicerent
899 2500 1022 2567 glandes,

22 2581 80 2619 uon
97 2566 192 2617 solum
209 2564 348 2634 quaelibet
360 2564 462 2633 silvae,
486 2564 638 2615 sedetiam
661 2580 755 2618 sacrae
773 2564 874 2618 victum
898 2569 1020 2621 homini⁴

9 2650 30 2685 tr
52 2644 208 2704 negarent,
238 2642 267 2686 et
289 2642 365 2685 cum*
380 2632 440 2683 aliis
463 2633 533 2684 silvis
561 2634 620 2703 ipsa
646 2650 755 2703 quoque
778 2635 896 2688 Dodona
918 2638 1021 2703 civitas,

9 2720 48 2757 tae
75 2704 153 2755 iuxta
176 2719 205 2754 se
223 2719 321 2754 nemus
338 2702 394 2753 Iovi
418 2709 612 2753 consecratmn
628 2703 765 2770 habebat,
788 2705 902 2772 glandes
926 2706 1020 2757 usibus

9 2774 107 2825 imanis
139 2771 330 2836 subtraberet,
366 2772 452 2822 Ceres
482 2771 574 2839 prima
603 2789 687 2824 omne
718 2789 804 2842 genus
833 2774 1021 2840 agriculturae

9 2842 140 2894 muribus
155 2840 349 2906 indicavit.]-
383 2846 444 2897 150.
462 2838 558 2890 Labor
577 2842 708 2905 additus;
726 2850 774 2894 aut
790 2842 882 2893 dutus:
900 2851 931 2892 ut
948 2843 1020 2896 nihil

9 2912 48 2963 ali'
61 2918 130 2963 ante
146 2909 311 2962 habuerint:
328 2916 424 2969 autre
442 2925 506 2961 vera
522 2909 645 2962 additus:
663 2911 728 2978 quia
744 2918 809 2961 ante
828 2919 889 2962 erat
905 2911 1021 2980 quidem

9 2980 73 3047 tor,
88 2980 141 3032 sed
157 2986 268 3031 tantum
285 2979 455 3041 herbarum,
471 2978 649 3046 intyborum:
672 2988 767 3049 postea
785 2980 898 3032 accessit
914 2980 1020 3050 rubigi-

8 3066 34 3116 ι,
56 3047 240 3101 carduorum.
273 3048 379 3116 [Labor
402 3055 495 3099 autem
513 3063 599 3115 quem
616 3047 718 3098 Graeci
735 3052 832 3101 roalav
855 3049 968 3114 dicunt]
984 3077 1021 3090 -

9 3118 157 3182 i1.Esset,·
184 3114 363 3184 [comesset,]
385 3124 576 3167 consumeret:
601 3124 632 3166 ut
656 3119 695 3183 (A.
713 3120 749 3184 4,
764 3119 832 3181 odd:
855 3119 906 3168 Est
923 3121 1020 3171 mollis

9 3204 97 3239 imma
121 3187 270 3236 medullas.
313 3185 424 3253 Robigo
455 3194 548 3235 autem
580 3200 666 3254 genus
691 3194 732 3237 est
755 3187 827 3254 vitii,
848 3204 910 3256 „quo
934 3189 1021 3240 culmi

9 3264 107 3311 neunt.
140 3254 419 3324 [Quodarusticauis
435 3256 584 3304 calamitas
602 3255 711 3306 dicitur.
744 3258 804 3307 Hoc
821 3266 916 3308 autem
933 3272 1020 3326 genus

8 3324 38 3377 lii
59 3342 93 3378 ex
117 3324 222 3375 nebula
246 3324 322 3375 nasci
348 3322 432 3383 solet,
457 3340 522 3373 cum
546 3323 707 3391 nigrescunt
730 3333 758 3377 et
780 3335 947 3377 consumunt
962 3329 1022 3379 fru-

8 3400 84 3447 stata.
122 3393 191 3445 lude
214 3401 243 3444 et
263 3392 388 3459 Robigus
412 3390 495 3457 deus,
525 3399 553 3443 et
576 3409 654 3443 sacra
679 3394 736 3444 eius
767 3396 886 3464 septimo
910 3396 1020 3449 kalend.

8 3462 69 3515 hias
91 3462 242 3530 Robigalia
266 3458 466 3532 appellantur.]
516 3459 569 3512 Sed
590 3462 677 3530 [haec
700 3461 762 3528 res]
785 3465 895 3516 abusive
919 3465 1020 3531 robigo

8 3528 90 3585 bitu.
122 3531 197 3584 Nam
213 3534 328 3604 proprie
344 3528 444 3598 robigo
462 3535 517 3596 est,
540 3537 571 3580 ut
586 3532 674 3583 Varro
691 3531 773 3600 dicit,
795 3533 893 3585 vitium
910 3534 1023 3586 obscoe-

20 3716 77 3774 147),
92 3726 118 3764 G.
132 3726 212 3765 docere.
234 3727 295 3765 Coros
310 3738 355 3763 tum
369 3723 432 3763 filiam
446 3730 562 3778 quaereret,
577 3722 696 3773 Lilybaeum
711 3724 848 3776 (Lilybaeum)
863 3732 884 3763 et
896 3725 918 3763 in
932 3724 1022 3766 Atticen

69 3784 185 3828 adveniret,
206 3784 232 3822 ad
247 3783 337 3823 cattum
352 3782 451 3831 (calcum)
466 3782 592 3831 hospitaliter
606 3782 631 3818 rb
645 3781 689 3830 ipso
705 3790 808 3832 surrepta,
827 3783 917 3820 reddidit
930 3783 1021 3831 gratiam.

68 3840 121 3879 neu
140 3840 182 3878 lilio
196 3840 238 3878 eius
253 3841 373 3889 Tlepolemo
388 3839 492 3889 (Triptol.)
508 3837 577 3877 arnadi
592 3850 615 3874 ao
628 3840 709 3877 serendi
722 3852 792 3883 usum,
813 3842 836 3876 ut
853 3840 888 3876 illo
907 3839 1021 3878 homiuibus

70 3897 192 3942 ostenderat,
207 3897 361 3934 domonstravit.
376 3918 401 3927 -
431 3898 470 3936 iv.
483 3895 540 3934 urei·
554 3895 645 3935 seiuncta
659 3895 723 3935 onita
744 3895 812 3936 Guslt
825 3895 842 3934 1.
855 3896 879 3934 lt.
892 3896 919 3935 Ie·
931 3896 959 3936 R·
974 3897 1023 3935 vos.

72 3954 135 4003 btrpb.
150 3960 172 3991 «t
185 3954 212 3991 al.
227 3954 253 3992 (s.
268 3954 295 3992 ad
308 3952 344 3993 96·
408 3992 413 4005 ¹

32 4024 71 4079 ¹⁸¹}
94 4032 131 4075 uo
144 4022 229 4086 anns
244 4033 295 4076 ni
322 4033 378 4076 aas
393 4031 471 4077 anu
483 4031 534 4076 ια.

762 4138 819 4198 ts·
