2288 4514
117 274 188 340 eoo.
380 270 521 333 samm
545 242 905 331 continuerimus

117 454 222 523 purior.
238 483 274 493 —
307 457 370 514 524.
386 455 429 505 Act
446 466 602 521 terramque
612 454 703 523 fluit5
726 452 858 505 Lucanus
875 456 921 521 (6,
937 452 1005 513 97.):
1019 446 1085 505 Pisa

118 542 171 591 que
188 524 230 589 (al.
246 525 317 585 lass.)
342 538 426 591 caput
443 542 471 573 se
489 524 569 593 ferre
587 522 866 587 (praetitulare)
887 534 1046 573 recusat·
1134 558 1143 586 ᾗ

118 592 196 661 Quid
213 594 309 659 tabor,
333 605 383 641 aus
401 593 545 660 benefacta
564 595 677 653 iuvans,-
704 592 727 642 si
743 600 879 643 neutrum
896 600 1016 643 mortem
1029 608 1080 641 re-
1092 573 1112 628 ἢ
1134 598 1142 655 j

116 678 169 713 neo
185 663 308 729 corporis
332 661 508 723 exercitium,
530 678 582 711 neo
606 660 704 723 mentis
727 659 836 726 religio.
872 660 949 710 Nam
970 661 992 709 si
1012 674 1079 727 gener
1112 667 1113 670 ’
1140 696 1143 707 .

116 738 158 782 est
172 732 323 794 sententia,
339 730 489 780 seeundum
507 730 656 799 Epicureos
671 736 768 779 contra
791 728 962 795 reigionem
985 726 1068 779 esu-si
1090 745 1105 762 ν

116 806 174 850 tem
190 806 296 850 tantum
315 798 350 848 ad
369 798 465 847 bovem
483 800 617 861 refertur,
638 798 692 847 hoc
709 797 790 847 dicit:
817 796 893 863 Quid
917 797 947 847 ai
963 796 1071 863 prodest,
1104 831 1107 842 .
1138 832 1141 865 :

114 866 185 917 bore
203 882 251 916 suo
276 866 372 918 aluisse
396 864 545 917 mortales?
563 892 597 902 -—
631 871 691 923 525.
709 866 794 929 Atqui
818 882 878 915 non
896 864 1064 915 Massicab
1086 889 1092 898 ·
1141 906 1143 913 .

114 934 253 997 Munera,
283 935 345 985 vina
370 936 488 1004 pretiosa
512 953 529 985 a
552 934 669 985 Massico
693 940 789 985 monte
812 933 995 1002 Campaniae.
1032 933 1062 983 lit
1084 959 1101 968 ’-

113 1004 259 1055 ῐτιιιεὶῑιιηι
272 1003 364 1071 ¹tangit
380 1004 441 1067 illa,
459 1020 528 1071 quae
545 1002 639 1053 dieunt
655 1002 772 1068 physici,
795 1002 911 1051 morbos
928 1004 1020 1053 venire
1034 1016 1081 1051 eas
1139 1044 1143 1055 ,

113 1079 144 1123 et
162 1080 238 1140 potus
255 1072 412 1136 nimietate,
430 1072 471 1123 vel
487 1072 652 1133 mutatione,
669 1086 699 1121 ex
717 1068 809 1119 nimiis
827 1070 929 1137 vigiliis
947 1078 976 1121 et
992 1068 1067 1119 multa
1083 1091 1093 1104 η

110 1140 259 1191 licitudine.
294 1140 436 1207 Dieitque,
454 1140 536 1191 etiam
554 1140 612 1189 sine
629 1138 671 1189 his
687 1138 762 1190 nasei
779 1137 994 1204 aegritudinem.
1024 1136 1099 1187 Nam'

112 1208 275 1261 animalibus
293 1224 357 1259 cum
373 1209 443 1259 nihil
459 1208 559 1259 horum
576 1208 727 1269 sit,tan1en
746 1207 935 1275 aegritudines
952 1205 1119 1259 cernimur-⁴1

112 1282 174 1335 527.
197 1276 304 1343 Eputae
328 1290 466 1345 repostae3
492 1276 615 1345 (saepius
638 1278 788 1343 appostae)
812 1284 862 1325 aut
885 1274 1061 1335 abundantes,
1079 1278 1113 1323 ι1

110 1344 210 1397 variae.
228 1370 260 1382 -
295 1353 356 1403 525.
374 1346 519 1411 Simplicis
543 1345 659 1407 barbae,-
688 1352 801 1413 propter
828 1344 976 1395 varietates
1000 1342 1113 1411 epulares

109 1412 177 1465 dixit
193 1415 332 1481 sirnplicis
349 1412 455 1465 borbat.
473 1442 508 1451 —
542 1420 602 1470 530.
620 1412 677 1463 Neo
696 1429 809 1463 somnos
832 1413 980 1479 abrumpit
1002 1428 1062 1461 eura
1079 1426 1112 1459 ss·

111 1483 222 1544 lubres,·
249 1500 279 1534 ex
303 1499 370 1534 cura
397 1485 472 1534 enim
496 1481 596 1544 nimia,
620 1481 728 1547 vigiliae
753 1489 947 1549 procreantur.
966 1507 997 1518 -
1028 1476 1113 1537 532&

111 1553 174 1603 uris
192 1550 352 1618 imparibus
371 1553 468 1602 ductos
488 1552 562 1615 olta3
586 1549 675 1599 bubus
691 1548 842 1617 agrestibus
861 1557 890 1601 et
912 1550 979 1619 ipsis
995 1544 1113 1615 inaequali·

110 1618 169 1670 bus.
203 1620 275 1670 Nam
294 1621 353 1684 uri,
377 1628 496 1687 agrestes
515 1620 595 1669 boves
612 1624 689 1681 seint,
713 1626 743 1667 ut
759 1617 878 1668 diximus
895 1634 979 1686 supra
996 1624 1006 1682 (
1012 1628 1041 1680 2,
1055 1616 1112 1675 etit

109 1686 146 1739 Et
161 1687 215 1737 boc
233 1689 339 1755 poe'tice
357 1688 430 1738 dicit.
465 1690 597 1740 Ceterum
614 1686 710 1736 veritas
727 1686 795 1737 haec
809 1694 860 1750 est,
877 1687 971 1754 Quian
988 1702 1041 1735 mos
1055 1688 1112 1747 esset,

110 1756 281 1807 sacerdotem
300 1757 427 1824 Argivum
445 1756 543 1809 itmctis
562 1755 650 1805 bubus
666 1754 708 1805 ire
724 1754 760 1805 ad
775 1756 881 1821 templa
899 1755 1025 1819 Iunonis,
1039 1760 1064 1805 et
1075 1750 1119 1801 sol-¹

106 1822 194 1875 lemni
211 1824 254 1875 die
272 1825 353 1875 boves
370 1841 425 1877 non
442 1824 645 1883 invenirentur3
664 1823 816 1888 pestilentia
835 1824 928 1887 eslim,
945 1840 1015 1889 quae
1028 1838 1069 1891 per
1080 1823 1122 1869 lt·

105 1892 209 1954 ticam,
227 1900 257 1941 ut
274 1894 405 1957 diximus,
421 1894 581 1954 transierat,
598 1892 722 1941 universa
738 1900 964 1960 consumpseram
979 1892 1030 1942 duo
1044 1904 1110 1940 saco·

105 1960 177 2011 dotis
194 1960 242 2011 filii
260 1962 368 2013 Cleobis
387 1969 414 2013 et
430 1962 507 2025 Bito,
525 1968 663 2023 matrem,
686 1960 832 2009 subeuntes
850 1964 964 2029 iugum,
980 1961 1014 2011 ad
1028 1958 1108 2025 templa

106 2028 215 2080 duxere.
255 2030 329 2080 Tum
353 2032 421 2080 luno
446 2031 564 2100 probans
588 2042 685 2080 eornm
708 2026 889 2091 religionem,
922 2029 1019 2079 obtulit
1039 2024 1108 2087 nutri,

106 2103 152 2160 ut,
169 2096 242 2165 quod
259 2100 351 2163 vellet,
369 2106 495 2167 posceret
511 2099 585 2148 filiis:
608 2096 656 2147 illa
674 2097 719 2163 pia
736 2099 913 2162 responsione
932 2098 985 2161 ait,
1002 2104 1040 2161 nt,
1054 2090 1108 2162 quot

104 2164 188 2217 sciret
211 2165 263 2217 dea
288 2167 353 2221 utile
377 2167 551 2230 mortalibus,
575 2166 635 2233 ipsa
657 2173 818 2231 praestaret.
858 2166 952 2217 Altero
975 2166 1058 2232 itaqrte
1075 2162 1107 2213 tt·

104 2228 252 2285 sacerdotis
275 2234 360 2303 [filii]
383 2236 493 2286 iuvenes
511 2234 614 2302 reperti
630 2241 693 2284 sunt
710 2234 821 2283 mortui.
856 2234 897 2284 Ex
914 2250 971 2303 quo
987 2232 1106 2304 probatum

104 2308 159 2366 est,
183 2300 252 2352 nihil
269 2320 325 2354 esse
343 2312 433 2353 morto
457 2304 645 2372 praestantius.
682 2301 761 2368 Quod
778 2302 933 2354 Herodotus
957 2302 1026 2370 apud
1040 2300 1106 2350 Grae·

102 2384 151 2420 eos
173 2370 328 2438 plenissime
355 2380 557 2423 commemorat
573 2373 602 2421 in
620 2372 710 2437 prima
734 2371 847 2421 historia
872 2376 906 2436 (e.
925 2372 986 2433 31.).
1002 2396 1033 2407 -
1061 2373 1104 2425 stt

103 2437 252 2506 Donaria3
278 2442 399 2491 donaria
417 2441 529 2511 proprie
547 2441 605 2490 loca
623 2448 686 2489 sunt
708 2439 737 2489 in
755 2440 852 2505 quibus
870 2442 944 2491 dona
962 2444 1104 2509 reponuntur

102 2505 225 2559 deorum.
260 2509 374 2559 Abusive
396 2510 508 2575 templa.
542 2510 614 2559 Nam
638 2507 677 2558 ita
700 2515 728 2558 et
751 2510 918 2572 puluinaria
947 2526 997 2575 pro
1018 2502 1103 2570 templis

101 2576 241 2646 ponimus,
258 2594 344 2645 quum
362 2578 415 2627 sint
432 2578 543 2645 proprie
560 2575 666 2641 lectuli,
684 2577 731 2644 qui
748 2577 832 2626 sterni
850 2577 881 2627 in
898 2578 1020 2646 templis,
1034 2588 1104 2642 super·

101 2644 271 2696 venientibus
302 2645 428 2711 (Dorvill.
456 2647 527 2695 corii.
557 2663 640 2709 super
665 2646 816 2695 eventibus.
848 2646 940 2695 Guelf.
964 2647 995 2695 ll.
1016 2646 1104 2710 plensq.

99 2716 220 2779 supero.)
244 2714 396 2783 plerisque,
419 2721 592 2764 consuerunt.
610 2740 643 2749 -
685 2718 745 2770 534.
763 2714 864 2779 Aegre,-
890 2714 1038 2764 difficulter.
1065 2710 1101 2757 fli-

102 2796 233 2847 montur;
258 2783 388 2835 intimas
405 2789 497 2850 agunt.
516 2809 546 2818 -
584 2786 643 2839 535.
661 2782 736 2847 Ipsis
756 2784 917 2847 unguibus,·
942 2778 1102 2851 eirrspfloinu't,

99 2849 118 2902 i.
144 2869 166 2902 a.
190 2852 300 2917 (Burni.
325 2852 388 2922 pro)
415 2850 548 2902 inertibus.
589 2850 752 2900 Nocturnus
775 2853 954 2913 obosnbulot5
978 2852 1102 2902 insidiatur.

99 2917 180 2985 Quod
198 2930 291 2970 autem
309 2924 347 2972 ait
364 2933 536 2973 nocturnus,
553 2918 669 2984 figurate
686 2935 747 2969 rem
763 2921 912 2985 temporis,
929 2922 964 2972 ad
982 2928 1101 2991 personant

97 2989 244 3041 transtulit.
268 3016 301 3025 —
361 2996 421 3047 539.
454 2989 528 3037 Cura
555 2989 662 3049 dorent,-
692 2988 710 3037 i.
736 3002 759 3036 e.
789 2988 968 3055 pestilentiae.
1017 2982 1101 3037 Tantis·
1124 3006 1129 3027 =

99 3056 219 3118 daleam
256 3061 370 3108 nuttavit
400 3074 506 3125 genus,
542 3064 572 3104 ut
608 3058 706 3106 vitaret
736 3051 947 3121 bpoeotiiseror.
997 3055 1100 3107 Horatia!
1128 2994 1139 3171 l

97 3124 203 3189 (Casan.
230 3130 259 3189 1,
283 3136 313 3189 2,
333 3125 401 3187 11.):
431 3127 465 3175 Et
490 3126 642 3190 superiecto
667 3124 775 3190 (Guell'.
799 3128 819 3176 1.
841 3128 983 3190 subiecto)
1006 3124 1100 3191 pauidos

97 3204 233 3242 natcsrunt
257 3210 375 3259 aequore
401 3196 499 3243 doinus
524 3194 612 3255 (codd.
637 3194 755 3243 damnus
780 3212 799 3244 s.
823 3196 970 3255 domums).
1002 3190 1099 3243 Dicendo
1131 3178 1140 3274 ἲ

96 3269 190 3312 autem
209 3261 303 3311 damas
321 3270 348 3329 et
364 3278 456 3312 cervos
475 3280 568 3313 errare
580 3277 650 3310 ¹oum
668 3263 795 3326 canibus,
812 3264 866 3314 duo
885 3264 1014 3323 ostendit,
1028 3270 1052 3314 et
1064 3260 1100 3309 bot

95 3329 218 3393 timoris,
243 3339 270 3379 et
292 3329 351 3379 illos
375 3331 523 3381 ferocitatis
546 3329 625 3397 [esse]
650 3330 755 3382 oblitos.
778 3358 812 3367 —
858 3339 919 3389 541¹..
942 3332 1059 3398 Fugiunt
1077 3328 1099 3375 ia
1132 3356 1140 3386 Ἰ

87 3398 216 3468 flumina
236 3397 354 3462 phocam
380 3401 455 3465 quasi
481 3400 607 3449 timentes
630 3400 768 3449 marinam
786 3400 979 3465 pestilentiam.
995 3428 1027 3437 -
1056 3398 1099 3455 bib
1135 3387 1142 3465 i

94 3468 170 3534 Ipsis
195 3470 311 3525 obibam
335 3467 389 3517 suis
414 3468 615 3534 quodammodo
640 3484 710 3535 qliae
733 3469 842 3518 alarum
866 3470 1009 3520 velocitate
1028 3479 1099 3532 super·
1137 3470 1142 3485 ¹

114 3534 173 3585 redi
197 3540 288 3585 aerem
314 3544 441 3600 poterant
464 3536 642 3604 pestilentem.
667 3563 700 3572 —
752 3542 812 3594 548.
837 3536 967 3605 [Refert5
997 3525 1099 3605 prodest]
1126 3489 1143 3579 'i

118 3604 265 3671 billyrides
293 3603 412 3665 Chiron,-
443 3604 596 3655 medicinae
627 3606 769 3669 inventor,
799 3605 908 3657 Saturni
937 3616 967 3656 et
990 3605 1097 3671 Philum
1135 3608 1143 3641 ·'

93 3673 171 3723 iilius.
196 3699 229 3707 -
276 3680 337 3728 550.
363 3672 620 3738 Amythaoniusque
645 3674 802 3738 Melampus
811 3699 819 3737 ,·
844 3676 1019 3741 Amythaonis
1040 3672 1097 3729 titia,

94 3737 250 3811 καθαρτής,
277 3742 295 3791 i.
312 3760 335 3791 e.
359 3750 498 3809 purgator.
542 3741 614 3791 Nom
638 3742 778 3794 Proetidas
801 3744 859 3809 ipse
878 3745 1004 3809 purgavit
1026 3742 1098 3791 lustra·

93 3811 211 3860 tionibus
231 3826 296 3874 qum
319 3810 469 3858 invenerat.
511 3809 569 3857 Hoc
595 3820 687 3860 autem
714 3811 793 3875 elisit,
816 3814 998 3863 invalescente
1022 3804 1095 3858 morbo

93 3894 145 3928 neu
169 3879 336 3928 medie-inam
360 3878 502 3943 prodesse,
526 3894 576 3925 neo
601 3879 772 3944 religionem.
792 3906 825 3916 ·—
871 3888 931 3938 555.
957 3882 1096 3939 Arentesque

94 3960 197 3995 sonent
216 3950 308 4011 ripne;
334 3946 389 3995 vult
412 3944 595 4010 pestilentiam
620 3950 703 3997 etiam
729 3949 867 3999 elementa
889 3950 999 3999 sentire.
1028 3942 1096 3995 sicu
1138 3980 1141 3985 -

91 4014 172 4063 tertio
198 4016 294 4079 (142.)³
327 4015 449 4065 Arebnut
475 4010 589 4080 barbae,
613 4027 637 4064 et
661 4018 765 4066 victum
786 4035 867 4084 seges
892 4036 978 4085 aegra
996 4012 1097 4083 negato·
