2288 4514
9 314 14 323 ,
79 237 169 315 'sss
309 292 313 303 .
370 244 510 309 sanvu
532 242 898 319 conuenientes

104 438 184 483 turus
207 427 319 485 Salonas
349 438 378 484 et
402 428 467 484 inde
496 430 532 483 ad
556 430 694 484 orientem
723 429 759 481 sd
781 428 940 503 Antonium
969 424 1044 498 profe

104 498 199 551 Lauro
217 507 311 552 autem
327 500 529 569 triurnphantes
545 508 730 563 coronantur,
751 499 862 551 hedera
879 502 995 567 poetae:
1014 496 1044 546 Po

105 568 261 638 Imperator
280 576 320 621 est
337 576 366 622 et
381 575 469 641 poe'ta.
505 569 562 631 Cur
579 575 672 620 tamen
689 568 900 635 triumphantes
917 566 998 617 lauro
1010 578 1044 615 oot

106 643 168 699 tur,
192 637 261 689 haec
284 639 356 689 ratio
381 645 436 702 est,
459 639 592 705 quoniam
615 636 688 705 apud
712 644 816 688 veteres
841 653 860 687 a
878 636 964 687 laude
984 632 1044 685 hebr

105 720 195 768 men,
222 722 290 756 nam
314 707 432 756 laudum
456 705 599 768 dicebaut,
623 705 665 757 vel
689 703 763 779 quod
786 704 862 756 hena
886 704 916 755 iu
942 698 1044 763 monol

105 774 246 841 Iuppiter,
264 775 373 842 quando
391 774 503 824 Titanas
518 773 597 838 vicit,
613 774 656 826 vel
671 773 746 842 quod
764 790 798 825 ea
814 771 922 825 arbore
939 772 1044 825 Praete

105 841 203 908 litum,
227 842 405 895 Fidenatibus
424 842 513 906 victis,
537 858 566 893 se
583 849 760 893 coronassent
782 841 833 892 sub
851 839 991 907 Romulo,
1009 836 1044 890 tel

105 910 216 981 iemper
234 912 328 964 vireat.
361 911 469 962 Hedera
480 919 580 962 eutem
604 911 666 963 ideo
684 917 856 962 coronantur
873 914 989 979 poetes,
1009 921 1044 975 qut

105 984 200 1048 poiseo
217 994 299 1049 saepe
315 981 378 1033 vino
396 979 515 1048 plurimo
533 979 712 1031 manifestum
729 986 770 1030 est
787 978 841 1042 uti,
866 978 942 1030 sicut
957 982 985 1029 st
998 974 1044 1029 dei

107 1047 146 1099 ait
163 1049 291 1100 Horatius
315 1047 414 1118 (Epist
433 1053 464 1112 1,
483 1052 531 1114 19,
547 1048 601 1112 7.),
624 1053 652 1098 et
667 1045 759 1115 Lyrlci
777 1062 874 1098 omnes
896 1043 999 1097 insuia
1010 1060 1044 1096 oa

107 1115 159 1167 bus
175 1115 341 1184 loquuntur,
364 1125 394 1168 et
409 1115 585 1169 haec=herba
602 1115 722 1167 nimium
746 1115 849 1182 frigida
874 1121 933 1179 est,
956 1110 1044 1167 etvini

107 1199 173 1245 rem,
187 1192 341 1252 temperat,
364 1199 431 1236 nam
454 1182 515 1234 ideo
540 1191 567 1235 et
584 1184 667 1254 capiti
683 1183 845 1251 imponitur.
880 1184 971 1235 Varro
987 1180 1034 1243 ait,

52 1268 55 1277 ’
107 1269 173 1305 rum
202 1260 313 1319 patrem
362 1260 456 1322 ropter
480 1253 602 1304 calorem
632 1252 686 1304 vini
714 1254 818 1304 hedera
840 1258 1014 1303 coronatum.

108 1322 196 1372 Varro
221 1322 307 1373 etiam
363 1337 423 1371 sues
444 1320 484 1370 ait
506 1321 610 1373 hedera
633 1319 781 1386 coronari]
803 1346 837 1358 -
881 1322 925 1376 14·
951 1318 1044 1387 Fuga

109 1391 185 1441 coelo
206 1392 296 1439 noctis
322 1390 475 1439 decesserat
501 1390 615 1455 umbra3
639 1391 748 1454 staura,
771 1386 853 1439 simul
876 1395 961 1457 atque
984 1386 1044 1438 dece

15 1480 18 1487 ⁴
108 1459 146 1510 Et
161 1457 234 1509 bene
257 1458 386 1527 ostendit,
413 1465 569 1510 amatorem
590 1465 650 1510 tota
666 1468 755 1510 'nocte
773 1456 906 1526 vigilasse.
942 1455 1044 1525 Siquise

18 1590 21 1597 .
108 1534 168 1578 turn
186 1526 332 1579 luciferum
348 1525 453 1597 primus
471 1528 585 1595 aspexit:
610 1534 639 1579 et
655 1527 689 1579 ad
707 1542 785 1590 etim,
811 1529 916 1593 quippe
933 1532 966 1575 ut
980 1523 1044 1577 adv

109 1594 232 1658 stellam,
247 1594 353 1647 locutus
376 1601 431 1657 est;
456 1590 685 1664 [nepeqquoeesoic
701 1604 796 1647 autem
816 1609 871 1645 nox
894 1600 944 1644 aut
968 1592 1044 1644 umbe

109 1663 231 1715 tenebris
255 1662 367 1734 posita]
390 1690 425 1699 —
476 1671 518 1721 15.
543 1665 613 1714 Cum
639 1682 685 1715 ros
710 1665 913 1732 gratissimum
935 1660 1044 1713 marcidi

108 1731 233 1800 generis,
250 1732 400 1782 secundum
417 1733 491 1798 quod
509 1733 594 1783 etiarn
611 1732 641 1783 in
658 1732 779 1785 Aeneide
797 1734 853 1797 (12,
871 1731 946 1791 339.)
962 1728 1044 1795 aitis

110 1801 211 1867 rapida
239 1801 347 1866 ungula
372 1817 448 1850 rores
467 1801 653 1867 Sanguineas„
670 1828 706 1838 —
748 1805 790 1857 16.
807 1797 1007 1865 [incumbam
1028 1816 1044 1869 p

109 1874 236 1920 amorem
254 1884 310 1918 non
327 1884 356 1919 se
373 1868 528 1932 sustinens]
564 1869 669 1931 Tereti3
686 1876 759 1921 teres
777 1875 819 1919 est
834 1868 992 1919 rotundum
1007 1874 1033 1919 et

109 1952 192 2007 gum,
219 1944 250 1985 ut
266 1936 409 1998 columna,
436 1937 528 1987 arbor.
562 1938 626 2004 [Alii
645 1940 725 1987 tereti
744 1938 851 1999 olivae,
875 1935 1044 1987 baculumds

108 2003 265 2073 accipiunt]
279 2029 311 2040 -
348 2002 389 2059 172
410 2003 542 2069 [Nascere
559 2023 677 2071 praeque
695 2007 784 2072 diem
803 2004 869 2072 quia
887 2004 1008 2057 dixerat:
1023 2003 1044 2054 F

109 2076 160 2124 oie
179 2072 252 2123 coelo
272 2073 363 2122 noctis
381 2072 534 2122 decesserat
552 2076 664 2138 umbra,
687 2074 705 2124 i.
723 2092 747 2125 e.
769 2077 933 2142 priusquam
958 2087 1012 2125 nox
1026 2088 1044 2122 o

110 2141 233 2206 Praeque
252 2141 325 2189 diem
342 2143 473 2203 veniens,
491 2141 570 2206 [ordo
585 2150 640 2194 est:
656 2158 770 2194 nascere
784 2142 900 2191 Lucifer
913 2141 1044 2209 praeveni-

108 2211 183 2261 diem
202 2209 323 2271 almum,
338 2206 427 2274 Age,]
444 2211 481 2258 sic
499 2209 564 2259 alibi
582 2212 622 2274 (A.
637 2219 669 2274 2,
687 2211 773 2272 812):
792 2209 978 2277 Ducebatque
996 2210 1044 2261 dier

108 2279 164 2329 hoc
181 2276 261 2326 dicit:
286 2276 404 2327 Nascere
428 2275 495 2324 dum
522 2293 623 2344 queror
647 2279 779 2345 Coniugis
803 2278 886 2329 Nisae
909 2279 1024 2347 indigno

109 2346 255 2409 deeeptus,
280 2352 309 2395 et
325 2344 446 2394 moriens
471 2345 596 2411 alloquor
613 2346 700 2396 divos:
750 2360 892 2417 uenquaui
909 2347 981 2399 nihil
996 2347 1044 2398 mil

108 2413 206 2474 fuerit,
231 2412 304 2480 quod
322 2428 383 2461 sum
401 2427 446 2462 eos
463 2429 544 2480 saepe
568 2423 688 2465 testatus.
723 2363 814 2480 guam
831 2432 896 2466 rem
912 2415 1044 2466 secundus

108 2495 206 2532 eureos
230 2481 283 2544 ait,
307 2481 354 2547 qui
377 2479 470 2529 dicunt
493 2481 621 2546 (Lucret.
645 2487 676 2546 1,
694 2486 761 2542 furi:
786 2481 845 2532 Nee
871 2485 939 2533 bene
962 2504 1013 2549 pro
1037 2504 1045 2532 r

110 2551 236 2615 capitur,
262 2566 311 2597 neo
336 2551 464 2614 tangitur
488 2553 540 2600 ira.
566 2576 599 2585 -
649 2556 691 2606 18.
717 2550 876 2616 Coniugis,·
903 2570 960 2603 uon
985 2570 1044 2620 quas

108 2618 157 2670 sed
174 2632 244 2683 quae
267 2619 328 2667 fore
352 2616 522 2684 sperabatur.
556 2616 599 2668 Sic
623 2618 653 2669 in
670 2627 768 2685 ‹pier-to
787 2620 916 2672 Aeneidis
940 2622 1035 2683 (536.):

109 2704 159 2754 ego
179 2703 238 2735 sum
250 2683 305 2750 (L.
322 2683 357 2734 R.
374 2685 433 2733 Vos.
451 2684 540 2735 Guelf.
557 2687 589 2736 11.
609 2687 682 2747 sim)
707 2687 788 2737 toties
808 2691 866 2738 iam
885 2691 1039 2757 dedignata

108 2767 161 2807 tos.
194 2753 258 2820 [Alii
275 2753 395 2818 indigno
414 2754 540 2818 deeeptus
558 2772 651 2805 amore
676 2756 788 2822 antique
806 2758 912 2808 diotruu
931 2760 1044 2829 accipitu

109 2823 193 2901 digno
212 2838 261 2890 pro
280 2836 397 2888 magno,
415 2831 445 2870 ut
462 2822 507 2886 (G.
526 2832 551 2884 2,
569 2824 654 2882 373.):
682 2825 819 2889 indignas
838 2825 960 2893 hiemes,
979 2829 1044 2880 veli

109 2907 174 2959 quia
198 2893 257 2959 plus
280 2891 407 2952 amabat,
437 2898 471 2940 et·
486 2889 577 2939 miuus
601 2891 762 2942 amabatur:
794 2895 926 2964 deceptus
957 2913 1011 2964 pro
1036 2915 1044 2948 s

110 2961 225 3021 umore,
247 2965 294 3009 aut
310 2959 339 3008 in
358 2973 468 3022 amore,
490 2965 538 3007 aut
555 2959 590 3007 ob
608 2975 742 3015 amorem,
761 2986 795 2998 —
833 2970 875 3019 19.
893 2964 929 3014 Et
948 2967 1030 3019 divos

110 3041 194 3091 quam
212 3027 255 3075 nil
273 3027 389 3075 testibus
408 3028 468 3076 illis
486 3025 595 3093 profeci
602 3050 611 3089 ,·
635 3027 673 3076 sic
691 3028 744 3078 hoo
761 3029 829 3079 dicit
851 3039 990 3100 tanquam
1012 3035 1044 3085 iu·

109 3093 176 3144 dum
193 3092 265 3143 inter
282 3111 345 3143 eam
363 3101 391 3144 et
402 3095 505 3160 Nysam
523 3094 726 3159 intercesserit]
739 3124 774 3134 —-
808 3106 852 3153 20,
870 3101 1005 3153 Extrema
1024 3119 1044 3151 m

110 3172 201 3209 tamea
221 3161 350 3226 alloquor
367 3161 436 3211 hora
446 3186 454 3223 ,·
473 3163 489 3210 i.
509 3180 546 3225 e.,
562 3163 644 3230 patilo
662 3172 724 3229 post
741 3168 901 3220 moriturus.
939 3170 985 3222 sie
1001 3171 1031 3224 in

109 3226 205 3290 (650.):
234 3228 420 3294 Incubuitque
444 3230 537 3293 thoro,
569 3232 692 3295 dixitque
717 3237 875 3287 novissima
902 3242 998 3291 uerba.
1022 3269 1044 3279 -

110 3295 205 3360 Incipe
219 3295 397 3359 Maenalios,·
415 3298 568 3348 Arcadicos,
601 3300 673 3348 Nam
688 3300 832 3353 Maenalus
852 3321 934 3357 trinus
952 3317 994 3360 est
1007 3310 1044 3361 Ar

109 3361 218 3412 Dicitur
240 3370 335 3440 autem
357 3362 405 3414 hic
428 3381 518 3416 versus
542 3365 728 3432 intercalaris,
752 3371 800 3437 qui
826 3374 994 3442 frequenter
1015 3394 1044 3447 ps

109 3430 254 3498 quantulos
278 3432 463 3498 interponitur
487 3448 590 3484 versus:
616 3436 685 3484 sieut
707 3437 890 3492 intercalares
908 3446 969 3497 dies
994 3454 1044 3498 eti

108 3505 255 3560 vocantur,
278 3498 324 3565 qui
348 3501 575 3568 interponuntur,
596 3512 627 3550 ut
648 3504 719 3553 ratio
746 3507 829 3558 liniae
854 3512 976 3581 solisque
994 3531 1044 3566 oon

17 3614 21 3619 ,
108 3565 184 3616 Fecit
200 3574 292 3614 autem
309 3566 382 3616 hunc
399 3583 505 3617 versum
524 3569 558 3619 ad
575 3568 757 3623 imitationem
777 3575 932 3644 Theocriti,
951 3576 1044 3651 qui'fr,

108 3639 151 3684 ter
174 3633 241 3683 dicit
264 3632 293 3682 in
316 3632 554 3687 Pharmaceutria:
579 3636 640 3704 15³7}
663 3637 722 3690 ’ἕλκε
745 3638 779 3693 ri
797 3644 880 3710 τῆνον
898 3645 968 3716 ἐμόν
985 3660 1044 3704 nort

134 3798 170 3843 17)
200 3799 334 3836 Pineaem'ms
349 3811 387 3847 ugo
403 3796 467 3844 diem,
483 3803 617 3843 clarissimum
632 3812 661 3843 sir
676 3810 727 3846 aliti
741 3818 777 3847 ele.
799 3813 867 3851 Guels.
883 3817 897 3852 l,

133 3876 169 3925 2l)
198 3879 271 3913 l'sreue
286 3876 387 3913 Theocriti
408 3881 557 3919 translationem
578 3884 629 3922 liaris
651 3888 711 3923 halus
736 3892 814 3931 unua.-
840 3898 857 3932 0
875 3899 940 3947 lynx,
963 3902 1024 3939 srm'ee
1043 3928 1044 3935 η

186 3946 254 4029 ἔξω»
272 3933 301 3972 ad
320 3932 400 3973 domum
420 3938 494 3974 uri-ura.
529 3941 626 3978 Nostram
647 3943 692 3979 heb.
714 3946 780 3983 (intell.
797 3950 810 3984 1.
827 3952 850 3987 Π,
871 3954 895 3990 Β,
918 3955 942 3993 1„
964 3956 991 3994 R,
1014 3958 1043 3995 qo

206 4002 237 4028 sa·
