2288 4514
131 275 194 341 176
389 268 528 333 stuvn
550 268 912 337 COMMENTARIUS

129 457 222 511 omnia
238 454 353 509 numina
368 452 585 521 invocabantur]
619 456 710 525 (Quod
729 458 926 523 autemdicit)
961 458 1076 511 Studiose
1097 489 1098 494 =

129 532 182 581 bus
199 545 268 577 arva
286 527 361 577 tueri
368 546 378 589 ,-
401 526 515 577 uomina
531 526 599 577 haec
623 527 769 577 nruninum
792 528 822 587 in
833 528 1059 597 ¹indigitamentis
1096 561 1097 566 =

128 599 256 659 niuntur,
278 596 297 647 i.
313 614 336 647 e.
359 594 389 644 in
410 593 488 645 libris
504 593 717 663 pontificalibus:
743 595 792 663 qui
815 602 845 647 et
861 598 984 649 nomina
999 598 1095 651 ἀεστωι

126 666 248 719 rationes
270 665 393 731 ipsorum
415 662 562 713 neminum
586 663 740 715 continent:
765 678 838 731 qnae
862 666 955 717 etiam
979 668 1056 718 Verso
1078 666 1106 729 ..¹3

127 736 214 798 Nam,
237 741 267 783 nt
289 748 372 799 supra
395 730 525 796 diximus,
554 732 669 783 nomina
692 732 853 785 numinibus
877 750 910 785 ex
936 732 1029 787 officiis

127 802 263 871 imposita.
299 799 383 852 Verbi
399 813 495 862 carisa,
520 806 550 849 ut
574 799 609 850 ab
634 800 789 865 nmatione,
813 800 882 853 deus
899 801 1020 857 Ocmtor
1032 804 1088 855 tltot¹

127 892 144 927 a
160 870 320 933 sarritione,
336 868 402 919 deus
419 866 553 919 Sarritor:
570 886 586 919 a
603 870 815 935 stercoratione,
830 868 1052 925 Sterosffiniuste

127 961 179 1007 ne,
195 938 282 991 Sator.
317 937 427 1005 [Fabim
443 937 533 987 Pictor
549 936 600 987 hos
617 936 682 989 deos
699 945 860 1003 enumerat,
886 954 957 1009 quos
973 940 1088 993 narmi
1136 995 1144 1010 ⁴

126 1028 211 1074 men,
232 1023 342 1059 sacrum
366 1005 483 1059 Cereale
506 1005 609 1056 faciens
624 1004 737 1057 Telluri
761 1015 788 1058 et
811 1008 925 1059 Cereri:
955 1010 1021 1063 verr
1123 1053 1125 1070 .

125 1082 340 1149 Reparatorem,
356 1074 569 1141 Iuporcitorem,
585 1074 745 1139 Insitorem,
761 1074 966 1141 Obaratorem,
988 1083 1019 1122 tt
1053 1103 1062 1118 n

125 1147 306 1208 Sarritorem,
328 1142 605 1203 Subruuoinatorem,
627 1143 794 1207 Messorem,
816 1144 1028 1213 coniectorem,
1069 1173 1077 1184 ==

125 1226 232 1279 torem,
255 1212 448 1264 Pronritorem.
495 1210 598 1277 Tueri,·
627 1227 677 1281 pro
702 1212 815 1278 tuendi,
845 1221 895 1264 aut
921 1216 1083 1269 tuendorum·
1122 1259 1123 1262 ,

125 1295 169 1345 22.
189 1282 302 1351 Quique
328 1298 416 1331 novas
440 1279 536 1343 olitis5
559 1281 577 1332 i.
602 1299 625 1333 e.
649 1296 744 1332 omnes
767 1280 815 1349 qui
836 1280 892 1333 hoo
915 1282 1041 1351 potentia]
1082 1281 1102 1294 ”

127 1354 206 1405 nullo
222 1354 343 1413 sernine5
359 1350 378 1401 i.
393 1367 416 1400 e.
432 1348 532 1415 aliquo,
549 1349 646 1401 ethos
664 1348 742 1401 dicit:
760 1349 814 1417 Qui
830 1366 848 1401 a
864 1350 947 1403 nobis
961 1352 1029 1405 iren
1068 1350 1087 1392 .,'

125 1423 220 1475 vestris
236 1419 387 1471 seminibus
404 1417 482 1468 alitis.
516 1416 626 1469 Semina
644 1425 737 1469 autern
751 1418 817 1469 dicit
828 1419 948 1473 deorum
963 1420 1029 1475 caeli

125 1492 212 1555 riem,
235 1488 352 1556 pluvias,
375 1494 466 1539 terrae
482 1500 584 1538 rorem.
620 1486 682 1555 [Vel
697 1486 844 1539 Nonnulla
863 1492 987 1555 seminep
1008 1490 1073 1543 att

123 1559 205 1613 nibus
227 1558 330 1609 scilicet
352 1555 439 1620 iacto,
462 1562 494 1605 ut
517 1554 561 1619 (G.
578 1564 611 1621 2,
627 1556 697 1617 49.):
722 1552 832 1623 Quippe
849 1558 909 1609 solo
930 1571 1028 1613 nature
1087 1587 1089 1590 ·

108 1628 177 1681 -Seu
193 1624 307 1691 rorem]
341 1624 431 1690 Sutis3
450 1622 593 1691 segetibus.
628 1624 663 1673 Ut
679 1624 752 1689 (infr.
764 1626 850 1685 325.):
867 1624 936 1677 Sata
954 1628 1035 1695 laeta,
1046 1628 1059 1679 Ι
1072 1651 1083 1662 .,

123 1714 176 1765 que
194 1696 310 1747 labores.
344 1691 480 1761 [Largum
499 1699 592 1743 autem
610 1692 682 1743 coeto
701 1694 846 1744 demittitis
864 1696 996 1763 imbrem3
1011 1712 1071 1769 per

123 1781 224 1848 aepnarn
242 1773 270 1817 et
284 1771 391 1815 terram
408 1760 556 1827 significari
573 1758 647 1824 vult]
660 1786 694 1797 -
726 1768 771 1819 24.
789 1761 887 1828 Tuque
902 1766 972 1817 adeo
985 1774 1044 1831 etot
1054 1764 1076 1833 [¹

122 1835 168 1887 luc
185 1832 347 1904 praecipue:
375 1831 487 1902 quidum
505 1830 572 1881 adeo
598 1828 738 1884 abundare
751 1838 853 1898 -putaut
870 1834 984 1902 antiqua
998 1834 1079 1905 ligera,

123 1909 166 1970 (3,
183 1902 270 1961 242.):
296 1901 385 1953 Omne
404 1901 472 1950 adeo
490 1915 579 1965 genus
599 1900 630 1949 in
647 1900 738 1951 terris.
773 1900 808 1951 Et
830 1900 1036 1967 iaus]adulat1n

123 1981 180 2038 sto,
203 1986 286 2039 quem
311 1970 383 2021 inter
406 1969 470 2021 deos
492 1968 607 2019 invocat.
653 1966 711 2019 Nes
735 1974 823 2027 totum
846 1976 942 2023 tamen
965 1970 1069 2027 dudum

123 2038 288 2102 adulationi,
311 2038 358 2088 sed
384 2045 412 2089 et
433 2035 549 2088 veritati.
584 2035 657 2085 Nam
680 2051 743 2086 cum
769 2052 863 2090 omues
879 2040 1053 2119 huperatosst
1075 2067 1076 2074 ¹

124 2117 245 2161 mortem
268 2114 331 2157 sunt
352 2106 425 2158 iuter
449 2105 512 2156 deos
536 2102 631 2168 relati,
652 2104 785 2171 Augustus
809 2106 881 2157 vivus
904 2110 1007 2163 divinos
1024 2108 1108 2161 lswv

123 2176 257 2238 emeruit,
280 2174 353 2244 qrrod
377 2174 458 2225 etium
477 2173 605 2223 Horatius
627 2180 741 2225 testatur
758 2174 851 2225 diuens
872 2177 967 2246 (Epist.
983 2188 1013 2245 2,
1027 2180 1075 2243 Μ
1100 2203 1107 2208 ¹*

124 2244 267 2297 Praesenti
290 2244 344 2294 tibi
369 2256 492 2292 maturos
517 2243 657 2308 largimur
680 2240 813 2294 honores:
847 2244 1037 2318 [urendosque
1089 2271 1090 2278 ¹
1129 2302 1132 2309 ,

121 2333 170 2384 per
188 2329 288 2364 nomen
304 2314 437 2379 ponimus
455 2328 529 2360 uras.
565 2310 641 2363 Unde
659 2309 731 2363 male
748 2311 859 2379 quidam
873 2314 985 2385 culpant
997 2318 1053 2376 Vrrp
1066 2312 1081 2356 i*
1109 2349 1138 2378 „³

121 2384 257 2446 diceutes,
280 2398 344 2432 eum
362 2380 489 2431 aviditate
514 2378 642 2431 laudandi
659 2379 745 2430 citum
761 2380 904 2433 interitum
921 2386 1037 2451 Augusto

122 2468 164 2505 ee:
183 2466 247 2501 cum
266 2466 329 2501 eum
346 2457 451 2500 constet
467 2448 500 2499 ad
516 2463 593 2511 reru,
611 2465 680 2515 qnae
697 2456 762 2498 tuno
779 2448 878 2516 fiebat,
894 2454 1045 2519 respexisse.
1076 2459 1091 2486 '¹

121 2534 216 2571 sitinus
232 2526 327 2570 tomen
343 2518 420 2582 Mox,
436 2533 487 2587 pro
504 2528 566 2582 post
583 2516 721 2585 aceipere:
739 2518 865 2569 Horatius
884 2522 988 2589 (Carm.
1002 2532 1024 2588 3,
1035 2516 1111 2587 Milli

121 2590 191 2641 Mos
211 2589 313 2639 datura
326 2586 486 2653 Progeniem
505 2587 686 2636 vitiosiorem.
722 2587 742 2637 l.
755 2605 777 2639 e.
795 2596 897 2654 postea.
930 2592 1021 2645 Potest
1030 2586 1112 2645 etltu

122 2660 157 2711 ad
181 2657 250 2708 vitae
274 2657 411 2707 humanae
434 2655 596 2707 brevitatem
620 2653 726 2705 referri.
761 2656 833 2706 Nam
855 2657 914 2727 ipsa
930 2661 970 2711 ait
992 2662 1020 2712 in
1034 2658 1112 2711 dati!

120 2726 217 2792 (861.):
234 2724 343 2777 Rhoete
362 2726 410 2775 diu
431 2728 483 2789 (res
502 2726 528 2774 si
546 2742 601 2785 qua
620 2725 670 2773 diu
689 2727 854 2776 mortalibus
874 2730 932 2779 ulle
948 2730 997 2793 est)
1007 2729 1113 2779 Visimst·

119 2798 189 2849 Sane
207 2796 361 2859 sciendum,
385 2794 455 2845 mire
474 2810 538 2844 eum
554 2793 690 2857 laudasse,
712 2795 785 2861 quod
802 2795 852 2847 ait:
877 2796 968 2863 Quem
989 2814 1047 2849 mor
1064 2807 1114 2863 ψ
1139 2796 1142 2801 '

120 2867 174 2917 sint
195 2864 323 2916 habitura
340 2865 456 2915 deorum
474 2862 596 2913 Consilia
619 2863 756 2913 incertum
778 2871 832 2927 est,
855 2863 872 2915 i.
890 2884 928 2930 e.,
951 2868 1065 2920 nondum
1081 2860 1116 2915 ἐν
1136 2907 1139 2914 .

120 2950 197 3000 mus,
220 2932 279 3001 quis
303 2933 367 2985 deus
392 2948 448 2985 esse
470 2931 541 2984 velis.
574 2932 646 2981 Nam
669 2930 752 2982 ‘lenm
773 2930 833 2982 steri
857 2936 1009 2987 maximum
1030 2942 1071 2989 est.
1094 2917 1143 3023 1¹¹3¹

119 3010 252 3074 potestate
276 2999 391 3069 [auteur]
416 3000 535 3064 habere,
558 3001 617 3067 quis
641 3000 706 3050 deus
729 3000 793 3051 velia
810 3001 886 3069 lieri,
926 3004 968 3055 lus
986 3021 1040 3058 esse
1054 3014 1116 3073 qm
1138 3039 1143 3074 ,

120 3073 272 3123 rriaximum
304 3078 416 3121 constat.
440 3096 473 3106 —
525 3079 569 3128 25.
603 3069 721 3119 Urbisne
754 3072 872 3122 invisere
921 3090 1019 3140 aeser;
1045 3078 1116 3124 utrm

119 3141 183 3191 velis
199 3148 354 3203 terrarum,
377 3139 528 3202 surnaria,
552 3156 588 3190 nu
605 3138 674 3189 caeli
694 3137 844 3207 imperium
867 3142 1016 3210 possidere.
1031 3168 1060 3179 -
1086 3142 1117 3197 li·

119 3211 207 3277 [litte
227 3210 368 3258 munimus
393 3210 482 3268 orbis3
506 3216 634 3259 utrumne
658 3215 685 3257 te
708 3222 759 3276 pro
783 3209 843 3259 love
866 3212 920 3262 coli
943 3214 1060 3265 velia·
1086 3214 1117 3265 27.

120 3280 265 3329 strictorem
277 3278 415 3345 frugum5
439 3278 486 3344 qui
502 3276 625 3344 frugibus
649 3283 676 3329 et
690 3275 789 3327 ceteris
809 3277 891 3329 rebus
909 3279 1044 3347 originem
1058 3292 1117 3349 prat·

118 3346 190 3412 stes]
226 3346 480 3412 Tempestatumque
497 3357 650 3412 potentem
669 3352 716 3395 aut
732 3344 869 3398 horterum
886 3349 1118 3421 tempestatum&

119 3421 159 3480 (0,
178 3416 243 3475 19.);
270 3414 347 3465 Unde
372 3414 438 3464 liaeo
462 3428 517 3464 tam
537 3416 613 3465 eluro
634 3427 739 3481 repente
758 3414 939 3482 Tempestas?
974 3422 1116 3483 Attttempt·
1136 3410 1139 3415 ¹

119 3496 222 3536 statum
243 3484 282 3535 ait
303 3491 475 3549 temporum:
496 3484 566 3533 sicut
588 3483 688 3550 ubique
711 3482 857 3537 Sallustius.
875 3514 909 3523 -
948 3494 994 3545 28.
1011 3488 1116 3539 Materne

120 3566 224 3620 rnyrto,·
249 3568 320 3621 quae
343 3551 371 3603 iu
389 3553 525 3603 honorem
543 3560 583 3603 est
600 3552 726 3618 Venerit,
749 3568 836 3623 aqua
853 3556 989 3625 Augustus
1004 3556 1116 3626 originem

144 3696 181 3749 24)
208 3700 230 3737 lu
245 3711 265 3737 v.
278 3696 345 3749 priore
359 3697 430 3735 Horat·
460 3696 485 3732 G.
499 3697 645 3749 incenduntque
659 3706 715 3737 terum
727 3707 788 3749 poen·
807 3701 830 3737 Β.
846 3706 866 3737 et
880 3700 947 3740 Gur-li.
961 3703 986 3740 ll.
1002 3716 1038 3753 per
1049 3705 1116 3741 mi

200 3757 221 3795 iu
235 3757 298 3794 alteru
315 3758 337 3793 [ι.
352 3754 420 3802 Steplt.
436 3752 521 3791 deterrui
527 3769 534 3801 ,¹
551 3756 616 3793 Griels.
631 3758 645 3793 l.
659 3758 682 3793 ll.
696 3758 719 3795 Β.
736 3759 758 3793 V.
773 3764 793 3793 et
807 3758 852 3795 edu.
867 3760 987 3797 uouuullae:
1001 3760 1079 3797 dames

144 3836 180 3885 26)
210 3838 235 3876 G.
249 3839 362 3880 mersimus,
377 3834 390 3872 l.
406 3848 423 3872 e.
438 3840 502 3877 totus,
517 3841 539 3871 ut
555 3837 596 3884 ipro
613 3838 671 3885 (inu-r
686 3837 756 3887 320.):
770 3852 808 3891 qrro
823 3840 912 3878 inusimu
927 3848 983 3879 motu
997 3848 1048 3878 tem
1059 3834 1114 3875 tremi·

144 3918 179 3967 ¹27)
209 3920 233 3956 (l.
249 3925 332 3962 atteror,
347 3916 373 3953 ob
387 3916 475 3965 augendo
491 3915 555 3952 «licius
563 3943 568 3960 ‚
584 3924 606 3954 ut
620 3918 653 3956 (A.
669 3917 693 3962 7,
708 3915 762 3966 49.);
782 3920 814 3957 'I'u
828 3922 935 3969 sangru'ur‘s
950 3922 1031 3959 ultum
1043 3926 1105 3957 seston

143 3998 179 4047 28)
209 4000 234 4036 G.
254 4006 366 4036 maternum
385 4004 472 4046 turrium
491 4009 527 4043 pro
548 3996 594 4032 luliu
611 4004 667 4045 gente
683 3997 744 4043 elisit,
764 4012 814 4048 epure
835 4002 938 4040 rl'euuro
953 4002 1036 4045 traditus
1046 3994 1114 4039 enula

199 4054 280 4094 Veneris
295 4062 362 4095 auten
375 4052 396 4092 iu
409 4054 507 4092 lionoresn
522 4058 542 4092 tt
556 4054 638 4092 tutelam
652 4054 690 4093 suit
704 4063 785 4106 myrtus.
