2288 4514
169 220 756 333 mvmau.ououo.1‚s÷s.
917 250 980 313 171

26 435 124 491 facist
146 436 234 489 lautas
257 433 391 505 segetes.)
435 434 490 487 Vos
514 453 531 486 o
554 434 717 485 clarissima
742 432 842 482 mundi
865 430 986 493 lumina,

10 526 29 559 r
47 520 76 559 st
95 507 183 557 alma
199 506 295 570 cem,-
312 504 396 556 Stoici
412 504 508 557 dicunt
522 519 579 555 non
596 519 655 555 esse
670 501 723 553 nisi
740 517 827 552 unum
843 500 941 563 deum,
957 505 985 547 et

10 592 30 627 u
43 576 231 653 eundemque
247 575 327 641 (esse)
344 581 522 654 potestatem,
545 589 618 640 quae
657 571 814 623 roratione
831 567 985 643 officiorum

10 660 110 705 turum
135 642 220 695 vanis
247 643 405 695 nominibus
434 641 597 709 appellatur.
667 639 721 690 nde
745 637 863 690 eundem
886 634 987 699 Solem,

10 714 69 767 lem
86 712 243 776 Liberum,
258 712 378 763 eundem
393 711 547 781 Apollinem
564 715 669 759 vocant.
701 709 771 759 Item
788 707 906 769 Lunam,
923 720 986 755 ean-

10 781 175 846 iDienum,
190 779 308 833 eandem
326 780 473 845 Cererem,
489 778 606 831 eundem
622 778 771 840 Iunonem,
788 776 905 827 eandem
922 773 987 823 Pro-

10 850 95 903 dnnm
111 850 223 901 dicunt:
239 848 391 900 secundum
407 864 489 916 quos,
505 862 557 917 pro
574 846 635 897 Sole
652 852 680 894 et
696 846 790 909 Luna,
805 844 941 895 Liberum
960 847 988 889 et
1016 896 1019 901 ¹
1063 856 1066 861 ·

10 936 91 973 erem
107 918 252 971 invocavit.
267 944 302 953 -
336 923 362 976 6.
379 915 531 985 [Lumina3
556 914 670 981 numina
688 913 753 979 luit,
767 913 816 965 sed
833 909 988 965 emendavit
1020 912 1025 919 '

10 988 102 1057 ‚quia
118 994 216 1057 postea
232 986 284 1037 site
301 984 337 1035 Et
353 1004 408 1051 vos,
420 998 561 1054 agrestum
578 986 736 1054 praesentia
752 984 871 1032 numina
885 979 988 1030 Fauni.

10 1070 123 1119 isim,-
147 1052 322 1120 currentem,
344 1054 387 1106 vel
400 1056 455 1115 cito
472 1051 679 1117 transeuntem]
716 1051 796 1118 Quae
814 1053 918 1101 ducitis
936 1066 987 1117 aris

10 1142 40 1189 s,-
61 1140 187 1194 quorum
210 1140 292 1175 crissu
314 1132 442 1193 tempora
464 1131 666 1189 computantur.
699 1121 774 1172 Nam
797 1136 847 1187 per
869 1120 989 1180 Lunam,

10 1196 71 1247 usis:
87 1208 148 1263 'per
159 1190 272 1267 §olem
295 1209 381 1243 annus
399 1193 559 1244 ostenditur.
593 1190 660 1258 [Vel
682 1199 757 1242 certe
781 1188 912 1241 deducitis
936 1204 989 1256 per

10 1262 103 1315 decim
119 1260 227 1327 sidera,
243 1268 292 1312 orit
308 1263 413 1311 ducitis
430 1270 481 1328 pro
493 1261 606 1329 finitis,
624 1267 655 1309 ut
671 1261 710 1326 (A.
723 1264 754 1324 9,
772 1258 856 1318 166.):
872 1256 989 1308 Noctem

10 1332 85 1385 sidia
104 1330 201 1381 ducit.-
226 1338 254 1381 et
269 1328 337 1385 alibi
354 1330 404 1399 (Gt
417 1338 450 1393 3,
467 1331 553 1391 379.):
579 1326 635 1378 Hic
654 1340 759 1379 noctem
778 1322 990 1389 (edederunt.)

31 1408 58 1459 7.
79 1400 163 1450 Alma
190 1398 287 1461 Germ
312 1398 398 1465 alma,
421 1398 456 1449 ab
481 1397 593 1461 alendo,
616 1398 701 1451 Ceres
725 1413 741 1446 a
765 1394 884 1449 creando
908 1394 989 1445 dicta.

10 1468 97 1529 nnsis
113 1466 210 1521 Sabini
227 1464 375 1528 Cererem,
390 1484 491 1538 panem
508 1465 659 1535 appellent,
675 1465 824 1530 Liberum,
840 1464 991 1517 Lebssium

10 1538 87 1589 nius:
111 1535 287 1597 sebasium:
311 1536 417 1587 dictum
439 1543 549 1598 autem,
572 1535 637 1601 quia
654 1534 764 1587 Graece
787 1530 866 1603 λοιβὴ
890 1534 990 1585 dicitur

21 1604 125 1657 divina:
148 1604 192 1656 vel
206 1604 291 1656 simul
304 1604 455 1669 Liberum,
473 1612 501 1655 et
518 1604 649 1665 Cererem
686 1603 851 1673 osuit,'quia
868 1603 907 1655 eis
922 1612 993 1654 tem·

10 1672 105 1725 ‚simul
119 1673 210 1753 posita
226 1680 305 1739 sunt,
322 1682 349 1724 et
364 1673 422 1725 ludi
438 1673 522 1725 simul
538 1621 684 1740 eduntur.)
715 1671 808 1725 Vestro
824 1676 851 1723 si
864 1689 992 1735 munem·
1056 1690 1062 1711 ··

10 1738 99 1795 'titium
114 1760 176 1795 sine
193 1740 256 1793 cibo
274 1749 303 1794 et
319 1742 430 1810 potione
448 1742 537 1793 vivere
554 1756 612 1792 non
628 1757 786 1810 possumus,
810 1742 852 1793 vel
867 1757 993 1805 muliere,

10 1810 109 1877 reticio,
132 1820 165 1862 ut
182 1813 222 1877 (A.
239 1812 372 1875 5,·337.):
396 1828 513 1863 munere
537 1809 622 1860 victor
645 1808 748 1875 sinici]
782 1808 809 1861 Si
825 1812 930 1878 [autem
947 1810 993 1861 hic

10 1876 47 1953 ᾖ]
64 1880 210 1949 siquidem.
251 1879 325 1931 Nam
349 1882 377 1931 si
400 1878 506 1948 [modo]
530 1878 721 1931 confirmantis
746 1886 793 1930 est.
829 1880 993 1947 [Terentius

10 1948 83 2015 burun
100 1956 133 2015 1,
150 1959 186 2014 2,
201 1947 268 2009 69.);
294 1946 361 2000 Non
381 1946 414 2001 'si
433 1950 534 2000 rediret
551 1958 643 2014 pater,
668 1952 695 1999 ei
713 1950 825 2002 ueniam
844 1947 942 2013 daret]
959 1974 994 1990 -··

10 2014 155 2079 Quoiam
167 2018 274 2085 pingui
286 2018 417 2085 glandem
432 2020 553 2068 mutavit
567 2017 673 2080 orista3
691 2017 870 2083 Epiroticam.
907 2018 997 2085 [Quae

10 2085 156 2151 (Chaonia.
177 2086 251 2138 diota
273 2088 323 2152 sit,
346 2086 375 2138 in
396 2087 480 2139 tertio
504 2085 638 2136 Aeneidos
663 2087 745 2154 (334.)
770 2086 878 2153 plenius
900 2088 996 2155 habes,

20 2152 59 2207 lde
79 2153 272 2225 Epiroticam]
297 2172 314 2205 a
334 2154 411 2220 loco,
435 2156 466 2207 in
491 2170 546 2223 quo
572 2154 715 2206 abundant
737 2155 864 2223 glandes,
895 2157 995 2225 quibus

10 2226 47 2301 (u
57 2224 186 2277 homines
203 2223 397 2288 vescebantur,
412 2224 466 2292 [vel
482 2222 556 2291 quod
573 2222 613 2275 ibi
631 2224 754 2292 Quercus
770 2225 827 2275 Iovi
842 2225 993 2279 Dodonaeo

10 2292 55 2359 h,
74 2310 146 2363 quae
169 2292 330 2347 hominibus
353 2308 486 2361 responsa
507 2290 655 2357 reddebat,
682 2309 714 2344 ex
736 2293 790 2345 hac
813 2309 878 2344 cum
901 2295 997 2347 fuisset

10 2358 66 2428 v'ss,
85 2361 247 2427 columbae,
269 2378 339 2430 quae
365 2361 599 2425 vaticinabantur,
629 2361 731 2413 volasse
755 2361 909 2427 dicuntur.)
960 2364 997 2414 Et

10 2426 183 2501 ffiuspeciem
204 2446 257 2497 pro
280 2445 384 2497 genere
408 2430 506 2498 posuit.
540 2429 603 2480 Non
626 2431 701 2482 enim
718 2438 767 2481 aut
787 2430 818 2481 in
835 2431 921 2498 Epiro
938 2440 998 2487 tan·
1034 2428 1036 2433 ’

44 2498 151 2567 plmdes
168 2501 296 2551 feserunt:
320 2505 369 2551 aut
390 2498 500 2550 desolo
518 2498 636 2550 Acheloo
660 2498 788 2551 homines
812 2508 908 2566 potare
932 2517 998 2551 conr

61 2576 115 2621 unt.
148 2568 373 2637 [Pingui'autem
391 2567 491 2632 erista,
514 2566 597 2618 modo
615 2583 665 2635 pro
681 2570 824 2620 frumento
841 2569 945 2634 posuit:
970 2578 999 2621 et

62 2644 88 2689 te
104 2636 143 2691 ait
159 2636 297 2705 pinguem
323 2636 452 2701 aristam,
479 2652 544 2686 curn
569 2637 683 2705 proprie
701 2637 785 2687 arista
809 2637 844 2691 ab
870 2638 997 2689 ariditate

27 2702 100 2758 den:
122 2705 258 2773 glandem
275 2722 339 2757 veru
357 2705 473 2756 mutavit
490 2704 572 2755 arista
588 2705 627 2754 ita
645 2706 696 2769 uit,
713 2711 758 2756 ut:
780 2707 794 2737 ¹*
812 2709 903 2757 coium
920 2709 1000 2773 palu·

10 2758 92 2835 besto
122 2778 252 2825 »nutavit
302 2774 351 2824 Ut:
383 2773 540 2839 Poculaque
572 2775 696 2824 inventis
719 2772 851 2824 Acheloia
884 2778 1000 2829 miscuit

10 2834 50 2891 Hs.
73 2836 205 2895 'Achelous
228 2850 321 2897 terrae
344 2842 427 2896 luisse
450 2842 521 2893 filius
546 2841 660 2907 dicitur,
683 2849 715 2892 ut
731 2842 802 2897 solet
818 2841 854 2894 dc
875 2843 919 2895 his
936 2844 1001 2911 dici,

10 2978 40 3031 J)
58 2976 136 3027 insunt
150 2991 188 3041 qus*
199 2988 263 3027 sulem
278 2993 296 3025 et
311 2986 382 3024 lunam
396 2986 470 3024 volunt
484 2988 580 3038 intelligi.
611 2988 676 3027 Stoici
688 2994 756 3027 autem
771 2993 808 3025 etc.

10 3058 45 3109 'fi
59 3066 81 3106 ὓ.
92 3069 210 3107 ostenditur.
239 3070 285 3106 Aut
304 3078 342 3115 ριν
358 3064 455 3104 Liberum
473 3066 575 3103 masculos
595 3066 658 3111 deos,
675 3079 714 3115 per
733 3069 824 3107 Cererem
838 3067 930 3119 fimena·
943 3072 1002 3113 Deae

60 3126 165 3175 ss'gmyieun
179 3124 263 3175 reliquis
277 3136 322 3160 cerm
338 3121 406 3159 Guoll'.
419 3122 434 3158 l.
447 3122 472 3158 11.
486 3123 513 3160 1..
525 3123 552 3160 R.
566 3124 635 3173 Stepli.
650 3123 733 3162 omissis.

27 3192 46 3245 'l
62 3204 95 3243 us
111 3210 176 3246 eciam
195 3218 241 3243 cnm
262 3204 407 3252 silmas.·(s‹1
426 3204 488 3241 Soliu.
508 3218 528 3254 p.
544 3203 600 3254 137.)
620 3207 688 3242 llum.
708 3204 783 3244 edidit:
802 3212 880 3257 togam.
914 3208 949 3247 Ad
968 3221 1002 3247 vv.

10 3296 25 3311 ⁸
67 3263 119 3301 cirea
130 3265 184 3303 hanc
198 3269 236 3299 ete.
265 3264 333 3298 ldurm.
347 3261 397 3298 haec
416 3267 518 3298 snuotsu:
540 3262 565 3303 G.
579 3261 612 3299 liic
627 3261 724 3310 corruptis
738 3263 805 3300 verbis
819 3264 847 3302 ita
861 3265 950 3303 fabrilem
965 3279 1003 3303 ex-

45 3336 52 3347 ·
64 3316 123 3357 bibet:
143 3320 216 3369 orista
230 3317 319 3367 (Ouistu)
335 3317 388 3354 cuim
402 3318 454 3355 lilius
468 3317 528 3354 Yncn
544 3310 625 3365 (Oenei)
639 3319 690 3367 regis
704 3325 784 3367 pastor,
805 3334 850 3359 cum
870 3322 949 3360 videret
967 3336 1004 3361 cs·

66 3386 115 3422 prum
127 3376 206 3425 saepius
220 3388 232 3412 ι
246 3386 304 3423 grege
319 3374 395 3413 discere
410 3374 530 3422 (discedere)
545 3381 565 3411 ct
584 3373 663 3424 plenior
677 3374 804 3425 (pleniorem)
819 3378 904 3421 reverti,
924 3386 1004 3417 secutus

67 3442 117 3471 ursin
135 3434 274 3481 depascentem
295 3431 385 3479 iuvenit3
406 3444 465 3481 quum
485 3430 585 3480 decerpsit
604 3445 627 3468 sc
647 3431 746 3481 gristavit3
768 3433 824 3471 cuius
845 3435 950 3473 dulcedine
970 3435 1004 3472 in-

10 3518 15 3539 ,
70 3486 129 3527 «luens
147 3503 191 3526 essu
213 3487 323 3536 expressit,
344 3495 423 3525 etcum
438 3488 542 3525 humorem
557 3487 706 3533 ciusbibissct,
727 3502 786 3539 quem
801 3497 821 3529 et
840 3505 921 3529 suavem
937 3492 1005 3535 sensit¹

71 3550 89 3579 te
104 3558 137 3595 pur
154 3547 192 3583 noe
212 3545 237 3583 du
257 3544 331 3583 lle-hilo
352 3544 460 3593 (Acheloo)
480 3543 574 3588 flumine,
594 3544 614 3583 in
635 3545 691 3583 cuius
711 3546 755 3597 ripe
770 3561 811 3585 sive.
830 3548 896 3587 lucrat
913 3547 1004 3603 inrenpe,

73 3610 131 3647 tqusm
145 3602 223 3639 miscuit
237 3600 297 3645 vino,
318 3608 378 3651 atquc
392 3601 420 3638 ita
435 3613 480 3639 cum
499 3606 569 3650 potum
584 3600 681 3652 optimum
695 3603 786 3647 fecisset,
807 3605 895 3653 speciem
915 3618 965 3642 uvau
985 3611 1007 3645 ct

75 3662 133 3702 pum
146 3659 241 3708 optimum
257 3658 330 3695 obtulit
343 3657 397 3706 regi,
417 3657 451 3707 qni
466 3657 514 3705 (cui)
529 3670 574 3695 cum
588 3658 623 3696 ille
637 3659 752 3708 probasset,
766 3674 827 3701 uvam
842 3661 952 3699 inventoris
967 3675 1006 3697 nu·-

57 3710 116 3757 'uiue
129 3720 193 3759 euersa·
207 3720 277 3765 iussit,
298 3721 367 3758 vininu
388 3720 466 3758 Graeco
481 3721 542 3758 verbo
557 3720 617 3759 Ynuu
633 3713 725 3780 (οἶνον)
741 3739 752 3761 a
766 3738 801 3762 suo
821 3724 901 3761 nomine
916 3724 1008 3771 appella-

75 3780 104 3817 til.
127 3782 262 3821 aslisneker.
281 3782 309 3821 nd
322 3782 396 3832 Hygia.
416 3781 584 3823 un12utl2.
604 3791 624 3825 et
638 3787 663 3823 sd
678 3787 768 3835 Fulgont
787 3800 807 3837 p.
822 3786 857 3825 31.
885 3785 938 3823 Dein
953 3786 1008 3827 idern

78 3836 98 3897 q·
108 3850 140 3886 1)ῐο
151 3854 199 3878 suus
213 3840 286 3881 deuel.
301 3846 351 3877 ctu-t
372 3852 459 3889 trusitque
473 3841 522 3887 (nou
537 3840 598 3895 quud)
612 3843 735 3882 Aulielunius
751 3844 870 3892 (Acisclum)
892 3844 945 3879 solus
960 3843 1008 3879 vino

79 3896 192 3942 utuinisi,
213 3898 249 3933 sed
267 3896 333 3945 ipsum
352 3910 389 3944 pro
409 3896 479 3945 quavis
499 3911 550 3946 silua
570 3899 649 3949 proauit3
669 3900 711 3937 sive
732 3900 826 3949 ‹pioniam
846 3911 872 3935 cn
887 3902 968 3937 Oceano
989 3906 1009 3936 et

79 3946 148 3989 'thetide
166 3953 232 3991 multis
252 3952 322 4001 gcuilis
343 3952 408 3995 lluviis
429 3952 465 3999 liiu
480 3953 557 4003 primus
576 3963 634 3993 ustus
654 3963 696 4001 nst,
723 3955 745 3994 in
765 3958 862 3993 honorem
882 3956 923 3993 eius
944 3955 1009 3995 usuriis

81 4005 166 4049 Ᾰώϋυιίι
181 4011 295 4059 (Aelieluiu)
310 4009 364 4047 dicte
379 4015 410 4047 est
423 4022 481 4059 sque.
