2288 4514
115 284 160 335 tu
189 268 812 348 V1uo1LGE01tG.1·‚³99-410.
924 278 989 341 223

13 466 34 511 t
56 458 107 511 aad
126 456 337 511 consulendum
353 456 509 527 Apollinem
527 456 562 509 dc
576 464 649 507 statu
665 455 747 525 regni
763 454 821 519 sui,
843 456 989 524 naufragio

54 528 167 581 Cuius
186 540 286 596 corpus
301 542 367 577 curn
389 527 425 577 ad
448 542 562 578 uxorem
579 524 770 594 [Halcyonem]
787 525 909 576 delatum
924 526 990 577 luis-

13 596 63 649 tta
88 614 125 649 se
147 596 387 665 praecipitantur
404 594 525 663 pelagus.
559 596 655 647 Postea
672 596 850 647 miseratione
867 595 991 646 Thetidis

12 666 117 719 oileri
138 666 269 717 conversi
286 665 448 733 sunt'ambo
464 666 495 716 in
512 680 572 715 aves
589 667 727 729 marinus,
749 681 820 732 quae
838 663 990 732 halcyones

12 744 82 791 tur,
124 732 205 787 Saue
229 734 381 790 sciendum,
394 741 448 799 est,
471 732 559 801 qiud,
583 749 647 784 cum
665 735 707 785 -de
731 734 850 785 muliere
868 734 993 799 dicimus,

12 802 191 871 Halcyone
207 804 288 855 facit:
305 802 376 854 Cum
394 803 427 855 de
445 803 555 866 avibus,
572 803 618 854 lsic
637 814 662 853 et
678 802 746 853 lsoec
763 802 900 870 halcyon,
917 801 948 853 lsi
965 813 992 852 et

12 874 189 941 alcyones.
224 873 294 923 Istae
317 880 412 925 autent
436 884 497 923 aves
520 872 598 923 nidos
621 872 727 923 faciunt
749 873 778 924 in
804 874 876 924 mari
897 871 990 923 media

12 960 37 995 e.
79 942 202 1009 Quibus
218 941 313 993 diebus
329 949 406 993 tanta
424 948 464 992 eat
486 941 681 1007 tranquillitas,
704 948 735 991 ut
751 943 858 1011 penitus
875 941 944 991 nihil
960 940 992 991 in

21 1012 128 1079 possit
145 1010 263 1063 moveri.
295 1009 362 1063 Inde
378 1010 464 1062 etiarn
480 1010 538 1061 dies
553 1010 606 1080 ipsi
622 1009 787 1076 Halcyom'o
803 1010 992 1062 nominantur.

20 1098 78 1133 ore
101 1080 237 1143 solutos,-
258 1078 363 1132 scilicet
384 1078 548 1145 manipulos.
581 1079 633 1145 alii
655 1079 747 1132 soluto
775 1098 821 1132 orc
844 1080 993 1149 accipiunt,

12 1150 154 1203 nimium
174 1147 288 1218 patenti.
304 1174 338 1187 -
378 1152 441 1205 400.
457 1148 603 1197 immundi
621 1157 729 1214 autem,
751 1148 808 1200 luto
832 1151 992 1217 gaudentes.

12 1218 76 1269 tius
103 1218 207 1287 (Epist.
225 1225 256 1279 l,
273 1226 305 1281 2,
323 1215 392 1279 26.):
415 1216 451 1267 Et
475 1219 568 1267 amico
586 1219 645 1269 luto
664 1235 723 1270 sus.
740 1244 774 1255 -
815 1223 876 1275 401.
893 1218 992 1284 Magis

12 1300 144 1355 petuam
170 1284 365 1353 deprimuntur
382 1285 574 1339 11011198.-
615 1294 678 1345 403.
693 1286 889 1355 Nequicquom
913 1303 992 1337 seros

11 1368 49 1407 ret
69 1368 184 1427 noctua
200 1368 317 1417 contus,
339 1354 358 1406 i.
375 1372 399 1407 e.
415 1370 480 1406 non.
514 1355 620 1406 Persius
644 1360 688 1422 (2,
706 1360 772 1417 51):
796 1356 991 1422 Nequicqunm

11 1430 33 1479 'o
55 1427 193 1494 suspiret
210 1441 342 1475 nummus
361 1424 393 1475 in
411 1426 476 1475 imo.
510 1424 581 1477 ltem
598 1425 725 1493 Virgilius
741 1428 781 1493 (A.
798 1440 831 1488 2,
848 1430 932 1485 546.):
955 1425 991 1475 Et

11 1512 56 1547 sao
86 1495 184 1563 clypei
208 1494 391 1561 nequicquam
417 1494 536 1549 umbone
559 1492 713 1560 pependit]
762 1494 873 1547 Noctua
897 1503 993 1547 autem

19 1570 68 1617 ast
92 1562 236 1629 lucifuga:
259 1579 330 1631 quae
352 1561 489 1631 significet
511 1564 630 1629 pluviam
652 1563 675 1614 si
699 1562 831 1615 cecinerit
854 1572 912 1634 post
928 1564 993 1615 solia

11 1648 92 1685 som.
147 1632 192 1684 De
215 1631 268 1684 hac
291 1640 386 1684 autern
415 1630 477 1681 talis
500 1640 540 1683 est
562 1632 665 1684 fabula.
711 1631 875 1699 Nyctimene
899 1632 992 1699 (codd.

11 1700 137 1761 omens)
161 1700 307 1771 pos'tqtum
330 1716 395 1752 curn
419 1708 498 1769 patre
515 1700 679 1763 concubuit,
702 1708 732 1752 et
754 1703 864 1768 agnovit
886 1702 992 1752 lacinus

14 1774 74 1823 tin
92 1768 168 1823 silvis
184 1787 215 1823 se
232 1769 351 1821 abdidit:
368 1776 397 1822 et
412 1768 504 1820 lucem
520 1770 637 1835 reiugit:
655 1769 703 1820 ubi
720 1770 836 1821 deorum
853 1771 993 1821 voluntate

10 1854 87 1891 tarsa
111 1846 156 1891 est
179 1837 328 1891 instem:
350 1855 422 1907 quae
440 1854 490 1907 pro
515 1846 593 1890 tanto
611 1838 734 1890 facinore
752 1840 880 1890 omuibus
897 1838 992 1890 avibus
1033 1884 1037 1891 .

13 1906 203 1961 admiration
226 1907 352 1973 (Dorvill.
369 1908 541 1969 obmittat).
557 1935 591 1945 —
625 1912 687 1964 404.
709 1907 902 1959 Sublimis·in
927 1912 992 1957 oirs

10 1992 61 2039 ηις
79 1978 164 2029 Ninia
180 1994 228 2029 rex
245 1978 462 2045 Megarensium,
478 1986 558 2048 pater
575 1975 679 2044 Scyllae
697 1977 738 2045 [iu
756 1992 833 2031 avem
850 1975 992 2040 nstitutus]

10 2060 68 2117 quo
93 2046 202 2117 plenius
224 2046 254 2098 in
277 2046 410 2099 Bucolicis
433 2050 481 2112 (6,
497 2045 553 2104 74.)
575 2045 700 2096 diximus.
717 2074 751 2084 -
791 2054 853 2104 405.
869 2046 920 2115 [Ρο
937 2063 992 2097 nos

10 2130 19 2179 ἦ
41 2116 208 2168 adversante
223 2114 276 2165 sibi
291 2122 380 2185 patre.
413 2112 500 2182 Scylla
517 2115 641 2165 eiusdem
659 2113 717 2166 Nisi
734 2114 804 2181 lilia,
828 2133 899 2183 quae
918 2115 992 2183 patri

27 2184 180 2237 abscissam
203 2200 314 2233 comam
338 2199 508 2253 purpuream
525 2182 615 2235 Minoi
639 2183 738 2234 obtulit
760 2193 856 2236 contra
881 2195 991 2254 patrem

10 2252 108 2319 tronti,
131 2260 161 2303 et
184 2252 249 2305 inde
272 2252 303 2305 in
327 2269 405 2303 auem
427 2264 557 2304 convorsa
581 2260 635 2304 est:
660 2268 726 2320 quas
749 2271 810 2306 aves
827 2255 894 2306 dicit
916 2271 990 2306 nuuc
1020 2264 1022 2271 '

10 2322 95 2375 ordeo
111 2321 197 2375 nimis
213 2338 271 2375 etse
291 2322 365 2373 inter
385 2338 423 2372 se.
442 2347 476 2358 -
510 2327 571 2379 406.
589 2320 731 2389 Fugiens,-
754 2331 862 2390 patrem
880 2324 992 2375 scilicet.

10 2388 91 2449 lero:
114 2396 218 2449 a'erern.
235 2416 270 2429 -
303 2397 365 2447 407.
385 2389 487 2455 Atroc;
513 2390 630 2441 crudelis
648 2399 676 2442 et
692 2391 815 2443 immitis.
848 2394 1013 2455 stridorem

10 2458 48 2513 ltu
64 2458 246 2525 alarum.]·-
287 2463 351 2516 410.
369 2458 441 2508 Tum
466 2460 594 2526 liquidos
613 2466 691 2512 corvi
708 2480 803 2527 presso
821 2474 862 2513 ter
878 2477 991 2530 gutture

9 2546 52 2595 ss,
82 2530 142 2580 Aist
165 2542 264 2597 quater
287 2531 480 2595 ingeminant,-
510 2530 544 2581 de
574 2532 661 2580 corvis
688 2532 789 2583 Plinius
818 2532 847 2582 in
871 2531 992 2583 naturuli

9 2598 74 2652 orio
87 2598 143 2651 hoc
154 2598 235 2664 dicit,
251 2612 298 2649 eos
312 2598 537 2661 esse'obliviosos,
553 2605 581 2650 et
594 2599 757 2667 plerumque
770 2601 888 2653 minime
901 2602 934 2652 ad
949 2602 992 2651 ui·

24 2683 88 2720 auos
102 2668 213 2720 reverti.
246 2666 300 2717 Sed
313 2666 435 2735 qtiadam
451 2668 558 2719 ratione
576 2676 691 2721 naturae
708 2670 777 2721 haec
794 2671 829 2720 ad
846 2686 908 2721 crios
925 2685 990 2720 con·

9 2742 60 2787 rmt
90 2736 185 2802 nidos,
212 2751 283 2803 quse
306 2752 413 2787 vermes
442 2737 547 2805 possint
575 2753 684 2790 creare:
714 2755 746 2791 ex
770 2739 868 2807 quihus
901 2740 991 2791 relicti

9 2820 57 2857 orn
74 2805 144 2875 pulli
159 2804 270 2857 aluntur
286 2802 434 2856 interdum.
467 2807 575 2856 Horum
600 2806 764 2859 oblivionem
787 2806 888 2877 probat
904 2808 991 2859 etiarn

10 2876 109 2945 rebus,
142 2890 210 2945 quas
235 2888 302 2926 cum
330 2873 538 2939 absconderint,
569 2873 774 2945 derelinquunt:
802 2878 876 2944 quod
905 2877 991 2929 etiam

9 3078 37 3133 ll)
65 3080 92 3123 ῦ.
105 3077 155 3125 solis
168 3090 266 3119 oceasum
292 3077 370 3119 Prolem
385 3076 424 3125 ait,
442 3076 460 3117 ai
473 3078 494 3117 in
508 3078 565 3119 tectis
580 3079 613 3119 vcl
627 3079 730 3119 arboribus
744 3080 789 3120 altis
803 3089 872 3128 canat,
892 3085 991 3127 aere-nita.

40 3146 85 3237 flu:
93 3136 201 3234 :t'apnilcat
214 3136 266 3176 siin
278 3134 409 3174 foraminibus
423 3136 456 3174 set
469 3136 586 3177 ramusculis
600 3162 666 3177 ······
680 3139 825 3190 (tempestatem
838 3142 950 3193 srpmfieoe)
965 3146 990 3185 de

8 3274 40 3327 13)
65 3278 90 3315 ln
102 3276 143 3315 fine
158 3274 196 3313 Ga
215 3272 327 3325 Nyctimon
346 3272 409 3323 Bpoti
428 3272 469 3312 tilia
491 3274 610 3313 sternuto
628 3274 707 3325 hospite
727 3288 840 3327 compressa
859 3278 909 3319 iram
928 3283 990 3331 patria

42 3342 136 3373 amns
147 3332 169 3371 io
182 3331 255 3369 silvam
268 3331 367 3381 profugit,
386 3343 437 3381 quac
451 3330 587 3371 misericordia
600 3331 706 3371 Minervae
719 3334 741 3371 in
755 3343 849 3374 noctuam
863 3346 938 3376 mutata
954 3346 990 3378 est.

8 3410 39 3465 Ἀ)
64 3414 134 3455 toea:
152 3412 229 3457 Nisus,
245 3406 307 3462 pater
325 3412 411 3463 Scyllae.
438 3413 498 3453 lluaa
517 3414 595 3465 Scyllae
614 3414 707 3461 fuerunt,
726 3428 767 3455 una
784 3417 844 3456 Forci
863 3427 884 3457 et
897 3421 989 3460 Cretidae

43 3470 197 3523 (vrotoeidse)
212 3469 320 3519 Nymphas
333 3469 374 3507 lilia
388 3467 437 3515 luit,
456 3472 519 3509 altera
533 3471 579 3510 Nisi
593 3472 643 3523 rcpis
656 3472 704 3517 iilia,
718 3480 787 3511 contra
801 3488 860 3526 quem
875 3490 935 3528 ‹puum
951 3480 989 3517 ds-

43 3529 103 3569 victia
122 3525 281 3568 Atlscnisnsilsus
305 3533 403 3576 pugnaret
420 3526 489 3571 Minoa
507 3536 590 3579 propter
612 3529 649 3567 lilii
668 3531 770 3580 Androgei
788 3531 904 3579 interitum,
930 3548 989 3585 quem

43 3584 179 3627 Athenienses
198 3589 220 3621 et
231 3583 360 3633 Megarenses
378 3584 535 3623 cimuanmnturn
554 3586 601 3624 dolo
627 3584 767 3633 necaverunt‚'·
787 3597 864 3629 amatus
884 3604 896 3629 a
915 3592 988 3641 scylla,

43 3644 91 3685 Nisi
104 3642 157 3687 fitia,
177 3654 228 3692 qraac
240 3644 265 3678 ut
277 3640 329 3679 hosti
343 3642 432 3689 placeret
444 3654 522 3680 comana
540 3643 737 3694 patris‘purpurcanr
752 3646 859 3686 abscissam
873 3647 891 3685 ei
906 3648 989 3687 abstulit

42 3700 149 3748 (01111103
168 3710 227 3749 qoam
241 3696 304 3736 eisin
316 3696 346 3735 ita
358 3697 456 3737 habuerat
470 3706 615 3747 consecratam,
635 3707 658 3739 ut
675 3702 753 3741 tamdiu
771 3712 872 3755 regnaret,
892 3706 988 3755 quamdiu

42 3758 100 3797 illam
113 3755 217 3801 habuisset
228 3754 336 3803 intactam
354 3762 424 3804 postca
441 3754 477 3794 illo
491 3770 503 3794 a
516 3756 586 3796 Minoi
599 3758 743 3799 condemnatur
756 3760 897 3812 (eosrtemptu),
918 3761 987 3798 dolore

42 3814 66 3855 in
80 3826 139 3853 arem
153 3824 249 3851 conversa
263 3817 300 3856 est,
314 3818 335 3850 ct
348 3811 410 3851 Nisus
422 3812 545 3858 exstinctus,
559 3814 658 3864 (deos-m)
673 3816 799 3857 miseratione
813 3817 834 3854 in
848 3818 891 3856 avia
904 3830 988 3866 permu-

41 3878 99 3911 tatus
117 3871 172 3920 (coia
185 3870 289 3910 Pr‘acotr’ss
302 3870 401 3919 mutatos)
419 3876 451 3908 cst
468 3870 564 3916 tomam,
584 3885 635 3923 quaa
656 3885 703 3912 aves
722 3874 774 3911 inter
793 3889 815 3913 au
829 3876 912 3923 flagrant
925 3873 986 3911 trodio

43 3940 116 3979 uagas
135 3926 241 3967 discordia.
268 3929 361 3977 Apparet
375 3939 432 3978 ωαψς
451 3926 497 3977 quia
515 3928 566 3967 haec
584 3930 628 3970 avis
641 3931 708 3981 Scylla
726 3930 823 3981 significet
843 3936 986 3980 tempe-statem,

41 3994 67 4025 ιι
79 3992 160 4023 noctm.
172 3985 216 4023 siae
228 3983 264 4022 illo
278 3996 337 4021 sensu
351 3990 436 4034 appares
447 3983 576 4033 intelligitur,
596 3986 640 4029 avis
652 3986 763 4041 significans
776 3993 913 4042 tempestatem
917 4014 925 4035 ,
940 3989 985 4040 quia

40 4044 101 4097 pluat
114 4042 140 4083 ds
153 4042 222 4089 coslo,
235 4045 258 4081 et
269 4053 310 4081 nco
323 4040 437 4097 adiungitur
448 4044 588 4097 nequicquam.
