2288 4514
130 224 215 329 ¹108
417 258 560 322 seam
583 206 954 325 commaneamus
1047 223 1049 227 ’

147 451 199 493 rat.
232 437 398 506 babellum
424 442 572 512 [pervum.
586 441 707 495 labrum.
742 430 842 507 'HineJ
863 441 1063 498 merissimam
1083 461 1096 515 q

147 516 257 562 tentant
273 511 367 562 facere
385 511 596 570 discretionem:
619 520 651 562 ut
675 511 798 563 virorum
816 512 917 578 labra,
939 515 1089 567 mulierum

146 579 283 631 dicantur.
299 607 336 618 -
369 586 414 638 35.
438 577 517 645 Quid
542 598 602 632 non
617 580 748 649 saciabat
772 582 930 647 Amyntas,-
955 585 1096 652 quemadm

146 648 218 700 mihi
240 663 298 700 non
323 647 550 718 obsequebatur?
573 651 610 702 Et
633 667 666 701 ex
688 652 792 703 affeetu
815 649 931 702 alterius
953 652 1033 705 hunc
1054 668 1096 721 cog

63 748 65 753 »
146 724 191 774 36.
214 716 391 784 Disperibus
417 731 520 786 septem
545 730 688 787 compacta
713 721 831 790 sicusim
862 708 1057 789 inaequalibus
1082 739 1096 772 c

58 827 67 849 .‚
145 785 220 838 Nam
244 795 273 837 et
295 787 620 857 harmoniafinaequalis
644 794 693 840 est.
740 788 840 840 Cicuta
863 796 960 841 autem
985 798 1028 843 est
1050 793 1096 862 [spa

126 855 220 923 squod
242 864 284 906 est
306 855 381 907 inter
404 873 558 909 cannarum
583 856 679 909 nodos'.
715 856 893 925 Compsam·
906 857 1061 911 coniuncta.
1089 859 1096 909 1

51 986 54 991 ,
144 930 197 989 12,
214 925 301 987 674.):
326 923 443 976 Turrim
469 930 623 995 compactis
648 926 778 976 trabibus
803 943 889 993 quam
915 928 1052 991 eduxeras
1067 931 1096 995 ips

142 984 190 1049 38.
210 992 248 1042 Te
267 1010 343 1044 nunc
360 994 442 1045 babet
461 998 517 1046 ista
535 996 705 1060 secundum;
723 996 905 1047 commendat
921 990 1039 1050 munus:
1053 1006 1096 1049 ets

58 1098 64 1109 .
145 1063 221 1129 quod
245 1061 272 1114 ei
294 1063 514 1117 haereditarium
542 1066 639 1116 datum
668 1071 723 1116 est:
755 1072 783 1117 et
814 1079 846 1117 ex
873 1079 924 1130 eo,
952 1067 1029 1134 quod
1054 1066 1096 1119 insi

144 1129 255 1182 meruit.
291 1131 364 1185 Nam
387 1151 433 1186 res
457 1134 580 1202 optimae
605 1124 643 1184 et'
657 1132 769 1187 difficile
794 1133 936 1186 donantur
958 1151 977 1186 a
993 1137 1096 1187 vivims

63 1222 67 1232 ¹
144 1206 258 1266 ceptae,
274 1200 355 1253 facile
373 1211 518 1256 merentur
533 1202 674 1255 invidiam.
691 1229 726 1241 -
761 1206 805 1260 39.
823 1203 950 1272 [Invidit
967 1206 1044 1256 stult.
1060 1205 1096 1254 dn

143 1271 295 1335 Amyntam
318 1271 503 1323 Cornificium
526 1272 583 1323 vult
604 1271 775 1339 intelligere3
797 1271 863 1340 quia
887 1280 1005 1325 conatus
1028 1281 1096 1326 esto

143 1337 292 1405 Virgilium
314 1339 452 1404 scribere3
477 1341 535 1407 vel,
556 1341 620 1395 ideo
644 1341 755 1403 stultus,
779 1342 845 1409 quia
861 1340 979 1407 invidit]
996 1368 1031 1380 -
1062 1345 1096 1399 lu

109 1434 115 1445 ι
142 1417 204 1456 tuta
225 1408 296 1458 milri
313 1410 386 1461 valle
405 1413 505 1476 reperti
529 1411 669 1477 capreoli,·
695 1410 909 1463 commendata
926 1410 1089 1464 difficultate

142 1475 220 1526 utin
237 1479 328 1545 primo
347 1480 387 1544 (A.
406 1488 439 1544 7,
457 1479 544 1542 244.);
568 1479 730 1546 Ralliquias
749 1476 838 1531 Troia
850 1498 896 1537 ,aa
921 1481 1036 1533 ardenta
1054 1495 1096 1533 reci

140 1567 176 1583 ··-
217 1549 261 1603 41.
285 1546 400 1614 Sparsis
423 1549 545 1616 pellibus
570 1550 652 1612 albo,-
681 1548 729 1616 qui
757 1548 863 1600 habent
899 1549 991 1602 adhuc
1022 1566 1096 1601 macu

141 1606 234 1684 prima
249 1623 339 1669 aetate
353 1617 503 1670 venientes.
537 1619 655 1671 Accessu
676 1617 752 1668 enim
768 1617 902 1688 temporis
919 1625 1031 1684 mutant
1048 1619 1096 1670 cols

141 1692 172 1736 et
195 1699 296 1736 eorum
327 1688 453 1739 maculae
476 1703 535 1739 esse
559 1687 666 1756 gratiae
692 1685 808 1738 minoris
836 1686 984 1754 incipiunt.
1031 1689 1096 1756 Ergo

105 1770 108 1777 ’
140 1753 223 1806 dicit:
239 1752 323 1806 Servo
340 1755 393 1808 tibi
409 1756 560 1824 capreolos,
578 1756 626 1826 qui
638 1755 729 1807 adhuc
746 1756 801 1807 sint
816 1754 935 1826 pellibus
943 1756 1014 1808 'albo
1028 1773 1096 1825 span

76 1862 79 1867 .
141 1821 292 1889 42nQuos
317 1827 401 1875 etiam
427 1842 503 1875 nunc
528 1827 583 1876 tibi
606 1843 702 1889 servo,·
728 1824 746 1876 i.
765 1839 882 1894 eosquos
904 1825 996 1878 adhuc
1012 1827 1069 1879 tibi
1090 1843 1096 1876 s

140 1892 207 1944 licet
230 1898 314 1962 roger
339 1912 357 1947 a
381 1895 505 1962 Thestyli
529 1894 635 1960 amica,
664 1910 736 1963 quae
767 1910 815 1946 me
845 1895 923 1963 eupit
950 1894 1014 1946 illos
1038 1896 1096 1949 abdi

139 1960 254 2013 Siccam
260 1987 270 2027 ‚-
289 1970 397 2031 sugunt.
413 1990 447 2002 -·
481 1967 526 2021 43.
546 1965 788 2026 Oraaabducera,
807 1971 876 2029 orat,
894 1970 925 2015 ut
940 1963 1069 2018 abducat.

140 2039 233 2082 ratum
251 2039 307 2083 est:
325 2040 355 2082 ut
372 2033 411 2097 (A.
430 2039 474 2098 10,
490 2034 577 2096 701.):
594 2033 694 2084 Donat
711 2032 828 2098 habers,
842 2032 862 2084 i.
880 2032 1009 2085 e.'donat
1025 2043 1057 2085 ut
1071 2035 1096 2086 ln

140 2127 174 2137 -
209 2104 254 2157 44.
271 2100 306 2151 Et
317 2100 424 2170 facien
448 2101 538 2153 noluit
554 2101 647 2154 dicere
665 2114 690 2153 et
700 2101 830 2171 faciam:
855 2119 995 2170 nequem
1013 2103 1096 2157 amab

139 2168 283 2237 senderet,
311 2170 335 2221 si
355 2170 468 2222 seualle
486 2171 595 2223 dixisset
619 2172 685 2223 dare
708 2171 791 2223 alteri
812 2187 913 2222 munus
931 2171 1006 2240 quod
1029 2172 1083 2242 ipsi

138 2247 291 2308 paraverat.
307 2265 344 2276 —
384 2239 510 2298 45.Huc
529 2243 683 2303 adasate,
707 2249 817 2292 tantum
839 2241 955 2292 lionoris
977 2240 1065 2294 habet
1087 2261 1096 2314 1

126 2315 171 2357 ·ut
196 2305 223 2358 ei
246 2307 321 2360 dicat
344 2309 428 2360 etiarn
451 2311 569 2362 numina
593 2311 764 2362 obsecutura.
800 2308 870 2362 Sanc
894 2309 1027 2362 calathus
1044 2311 1096 2364 Gra

140 2384 195 2429 est:
214 2393 280 2428 nam
297 2377 397 2430 Latine
416 2381 572 2446 quasillum
590 2379 700 2433 dicitur.
735 2379 834 2430 Cicero
851 2378 881 2428 in
898 2378 1016 2450 Philipp.
1037 2380 1095 2447 (lib.

140 2448 176 2497 Aa
202 2465 265 2497 varo
291 2447 381 2498 buius
406 2450 483 2500 domi
509 2452 583 2500 inter
609 2449 734 2515 quasilla
767 2449 977 2515 appendebatur
1010 2468 1096 2501 ausus

138 2521 181 2573 46.
204 2515 333 2567 Candida
352 2516 443 2581 Nais3
466 2518 510 2569 vel
526 2519 656 2589 pulchra,
681 2518 724 2568 vcl
740 2517 815 2585 dea„
835 2517 908 2569 Nam
925 2517 965 2569 dii
990 2519 1096 2572 umbris

139 2585 219 2637 trarii
234 2594 313 2651 sunt,
330 2603 398 2655 quas
415 2588 509 2656 nigras
528 2605 587 2641 esse
604 2594 717 2639 constat.
751 2587 823 2638 Hinc
841 2595 883 2640 est
899 2586 941 2652 (E.
960 2595 991 2651 5,
1009 2590 1081 2652 56.):

139 2656 226 2706 didus
245 2658 387 2706 insuetum
403 2660 526 2708 miratur
544 2659 631 2708 limen
646 2657 771 2722 Olympi.
785 2686 817 2697 -
852 2660 896 2712 47.
915 2654 1059 2708 Pallantes
1074 2677 1096 2710 vl

138 2725 295 2776 amantium
318 2727 417 2778 tinctas
443 2727 543 2780 colore.
583 2726 712 2778 Horatius
737 2724 983 2793 (Carm.3,10.):
1015 2727 1052 2777 Er
1076 2736 1096 2779 n

138 2796 217 2846 viola
235 2796 329 2862 pallor
347 2799 516 2847 amantium.
558 2796 637 2847 Unde
653 2811 710 2846 non
727 2803 839 2865 praeter
858 2794 1037 2847 affectionem
1055 2816 1096 2850 am

137 2880 184 2915 eoa
209 2865 294 2915 flores
323 2865 459 2936 nymphas
484 2865 551 2917 dicit
576 2867 693 2929 offerre,
727 2865 775 2931 qui
800 2872 864 2914 sunt
885 2865 1047 2917 amantibus
1071 2869 1096 2919 si,

87 2932 89 2936 ’
139 2931 450 3003 Papaveracarpans,
481 2937 644 2986 narcissum
674 2946 700 2984 et
714 2933 820 3002 florem
846 2934 912 2983 bena
938 2935 1043 2986 olentis
1069 2956 1096 2988 as

121 3019 203 3055 ‘sane
226 3003 363 3071 Papauer,
393 3005 550 3070 Narcissus,
578 3003 717 3067 Anethus,
745 3002 928 3072 pulcherrimi
949 3004 1032 3070 pueri
1062 3008 1096 3058 fu.

138 3072 241 3140 quique
258 3074 288 3123 in
306 3073 391 3125 flores
408 3091 523 3124 suorum
541 3072 690 3124 nominum
707 3072 777 3123 versi
795 3079 871 3123 suut:
898 3087 966 3140 quos
983 3073 1009 3124 ei
1027 3076 1096 3129 offer

137 3142 215 3210 quasi
233 3142 380 3207 admonet,
404 3144 510 3211 nequid
528 3143 613 3194 etiam
631 3141 678 3192 hic
695 3141 750 3192 tale
768 3140 872 3208 aliquid
889 3157 1013 3210 unquam
1032 3161 1065 3194 er
1083 3165 1096 3199 a

43 3226 49 3241 «·
136 3210 268 3281 patiatur.
283 3238 319 3247 -
353 3216 397 3268 49.
417 3213 489 3262 Tum
509 3213 605 3276 casia‚·
622 3210 711 3262 herba
727 3209 878 3261 suavissimi
897 3211 1003 3263 odoris:
1018 3220 1052 3262 ut
1067 3232 1096 3269 se

136 3279 176 3330 tia
199 3280 338 3331 iudicant:
369 3298 455 3349 quam
481 3281 583 3333 Graeci
608 3283 704 3333 κασίαν
727 3279 830 3330 dicunt.
873 3278 910 3328 Et
932 3279 972 3330 sic
995 3281 1096 3335 dicturi

138 3348 212 3399 Tum
231 3352 310 3399 casia
330 3362 412 3416 atque
431 3353 500 3402 aliis
520 3356 648 3402 intexens
667 3351 806 3401 suavibus
820 3347 930 3398 barbis:
949 3357 980 3400 ut
996 3350 1026 3402 in
1040 3352 1096 3406 Sall

136 3416 275 3484 Leonem,
298 3431 381 3487 atque
401 3422 476 3471 alias
488 3421 582 3489 feras.
597 3453 630 3462 -—
666 3426 708 3478 50.
726 3418 831 3471 Mollia
850 3418 955 3468 luteola
972 3423 1096 3488 plagiis

139 3490 191 3540 nia
211 3488 323 3550 caltha,-
348 3490 444 3540 mollia
461 3491 584 3542 vaccinia
602 3490 708 3558 pingit,
724 3489 742 3539 i.
760 3506 783 3539 e.
801 3487 960 3553 componit,
977 3490 1012 3541 de
1030 3493 1096 3545 calu

135 3557 221 3611 tecla.
268 3557 342 3608 Nam
365 3558 419 3608 nisi
443 3560 548 3610 luteola
573 3560 707 3627 septimus
737 3556 773 3608 sit
797 3572 888 3622 casus,
920 3573 977 3608 non
1002 3567 1058 3611 stat
1082 3579 1096 3613 v

137 3625 242 3679 Mollia
260 3634 371 3692 sutem,
388 3636 476 3678 tectus
494 3628 598 3697 plumei
614 3628 726 3678 scilicet.
761 3626 797 3677 Et
814 3626 868 3676 hoc
885 3626 988 3691 dicens,
1004 3646 1035 3681 ex
1055 3632 1096 3683 co]

136 3694 294 3749 diversitate
318 3697 429 3764 quaerit
453 3707 658 3749 ornamentum.
676 3722 712 3734 -
747 3701 790 3754 51.
809 3694 888 3744 Cana
913 3697 1005 3763 legam
1024 3712 1096 3752 tener

139 3767 247 3834 augins
267 3766 359 3832 mala,-
385 3766 460 3818 mala
476 3765 544 3818 dicit
560 3766 701 3834 cydonea,
724 3766 753 3833 [a
770 3764 927 3836 Cydonibus
943 3767 1096 3834 primumi

167 3932 204 3988 st)
233 3936 417 3983 eic.1’hi1.3‚4.
433 3941 471 3975 vv.
486 3938 546 3978 aura«
562 3939 619 3978 aas
637 3953 676 3978 om.
692 3941 759 3978 cusis.
774 3940 789 3976 1.
804 3940 827 3977 u.
847 3941 873 3976 n.
895 3940 919 3975 u
935 3940 982 3977 vos.
998 3942 1096 3997 calscop.

224 3995 249 4033 11.
262 3996 289 4035 R·
303 3997 352 4034 Vos.
373 4002 395 4034 ot
409 3997 430 4035 C.
442 3996 554 4047 pendium.
575 3996 643 4036 Guolf.
657 3999 671 4035 1.
693 3996 829 4048 appendimur.
851 3996 900 4034 Cod.
920 3996 968 4034 Urs.
989 4001 1043 4040 iliter
1063 4016 1096 4055 qul

225 4052 278 4093 usn.
292 4054 346 4096 later
360 4066 411 4106 quas
426 4053 470 4094 illa·
500 4053 569 4104 snpn
585 4067 612 4094 aa
626 4067 668 4096 noa
682 4057 735 4098 s'alsr
751 4053 839 4107 quasilla
851 4052 927 4104 pandet
942 4068 988 4095 aar.
