2424 4506
627 86 637 113 b

39 248 42 253 ’
95 248 165 347 140
344 278 480 345 suam
505 252 861 343 connumeratus

93 460 261 526 Permesse,
277 462 481 529 Pliadtontides,
497 466 660 535 Melampus,
676 462 734 516 Pasi
753 464 815 526 had,
830 460 994 527 Proetides]
1010 488 1047 500 -·
1078 462 1111 519 'll

96 530 176 596 Quid
194 533 294 599 loquar
310 547 360 584 aut
377 534 498 602 Scyllam
516 532 599 598 Nisi,
621 546 704 600 quam
743 552 807 583 ama
826 544 919 583 secuta
938 542 998 597 est,-
1017 528 1111 601 Scyllas

96 601 167 667 duae
182 601 308 665 fuerunt,
333 616 388 655 una
406 604 505 654 Phorci
521 610 549 653 et
565 600 725 653 Cretheidos
741 602 886 671 Nymphae
901 598 973 664 filia,
996 598 1111 670 pulcher·

93 669 180 720 rimae
204 686 288 736 quam
304 686 368 721 cum
384 681 493 724 arsisset
509 671 628 723 Glaucus
645 669 710 721 deus
731 671 867 734 marinus,
883 670 952 720 dum
968 668 1028 737 ipse
1044 680 1111 718 ame

93 745 171 788 retur
188 754 205 787 a
222 738 318 803 Circe,
334 747 361 789 et
379 757 441 792 eam
458 746 659 791 contemneret.
677 738 723 789 illa
739 738 809 791 irata
826 739 950 801 fontem,
973 737 1004 789 in
1020 750 1111 805 quoy

6 842 10 856 .
93 805 181 873 Scylla
197 806 302 857 solebat
317 808 445 873 abluere,
460 809 556 859 infecit
572 806 695 858 venenis:
711 806 741 857 iu
758 816 848 875 quem'
858 822 923 856 cum
939 802 1111 856 descendiaat

93 874 200 945 puella,
223 875 315 926 media
331 878 373 928 sui
389 884 468 945 parte
486 877 515 927 in
531 877 603 928 feras
621 882 726 926 mutata
744 883 791 927 est„
825 877 902 927 Hanc
923 880 1021 941 postea
1035 870 1112 943 §lauf

93 958 140 995 sus
158 943 225 995 fecit
239 943 322 994 deam
338 946 492 1005 marinam,
509 960 578 1012 quae
596 943 708 994 classem
726 944 821 1009 Ulixis,
844 952 872 994 et
887 943 978 992 socios
993 939 1111 993 evertit!

93 1020 229 1077 narratam.
265 1012 394 1079 [Quidam
410 1012 524 1080 Scyllam
547 1010 619 1063 hanc
643 1031 659 1064 a
676 1013 804 1080 Neptuno
821 1019 943 1063 amatam
960 1008 1111 1075 dicunt,et

91 1096 143 1151 per
159 1080 364 1149 Amphitraleml
378 1083 524 1148 coniugem
541 1081 660 1150 Neptuni
683 1088 854 1133 metuentem
877 1078 983 1147 pellicis
999 1080 1111 1131 dorm

91 1148 204 1199 venenis
225 1148 319 1200 Circes
349 1151 379 1202 in
403 1158 556 1200 monstrum
587 1148 727 1199 marinum
752 1165 810 1201 esse
832 1144 991 1213 mutatam]
1028 1144 1111 1197 Alter!

41 1258 44 1263 .
85 1218 156 1267 'vero
174 1215 260 1285 Scylla
283 1218 335 1269 fuit
356 1216 415 1270 Nisi
431 1217 638 1287 Megarensium
655 1217 739 1297 Regis
762 1217 831 1269 filia:
855 1224 952 1269 contre
969 1230 1038 1285 quos
1052 1212 1111 1263 dun

92 1283 201 1335 deuotis
217 1285 274 1336 iam
285 1286 499 1345 ¹Atheniensibus
516 1293 650 1356 pugnaret
666 1285 767 1351 Minos,
782 1284 898 1358 propter
914 1284 966 1336 filii
981 1278 1111 1355 maarai

92 1353 250 1417 interitum,
279 1371 362 1421 quem
385 1354 563 1407 Athenienses
593 1363 621 1406 et
649 1353 825 1421 Megarenses
853 1354 917 1406 dolo
946 1354 1111 1413 necaverant.

92 1420 257 1489 [ad]arnatus
274 1424 309 1473 ab
326 1422 413 1492 Scylla
429 1431 482 1490 est,
510 1421 569 1473 Nisi
585 1422 654 1474 filia:
670 1439 741 1489 quae
759 1430 789 1472 ut
803 1423 875 1475 hosti
891 1428 984 1491 Posset
1017 1420 1111 1481 hears.

92 1505 203 1541 comam
220 1507 390 1563 purpuream
405 1491 516 1562 parenti
532 1491 679 1543 abscissam
696 1493 721 1542 ei
739 1490 850 1543 obtulit:
875 1506 961 1560 quam
977 1436 1058 1540 Nism
1077 1484 1111 1537 iit

92 1556 229 1609 habuerat
246 1569 447 1624 consecratam,
470 1567 501 1610 ut
523 1560 630 1610 tamdiu
650 1575 738 1625 regno
761 1556 912 1626 potiretur,
933 1556 1067 1627 quamdiu
1085 1552 1111 1605 ss·

30 1666 33 1673 .
91 1626 149 1677 lam
173 1627 311 1679 habuisset
333 1629 473 1681 intactam.
513 1629 610 1679 Postea
632 1636 661 1680 et
683 1628 769 1696 Scylla
793 1645 809 1679 a
830 1628 928 1681 Minoe
951 1630 1111 1745 contempt,

92 1693 157 1815 pil]
179 1695 273 1749 dolore
297 1699 381 1767 [quod
405 1706 562 1765 contempta
586 1705 668 1761 esset,
692 1697 732 1748 vel
755 1696 830 1764 qsaod
846 1696 923 1765 qussi
946 1693 1051 1763 pertici
1067 1706 1111 1745 as

128 1763 188 1816 'noe
207 1766 241 1816 ad
257 1767 373 1837 puppim
390 1767 505 1832 religata
522 1773 609 1816 tracta
627 1764 691 1830 sit,]
714 1764 745 1816 in
761 1780 840 1816 avem
857 1762 972 1834 [Cirim]
988 1774 1111 1815 conversa

93 1840 147 1884 est:
171 1841 199 1885 et
214 1834 294 1887 Nisus
311 1835 441 1887 extinctus
459 1836 573 1886 deorum
590 1833 782 1898 miseratione,
796 1833 827 1885 in
843 1832 967 1901 aquilam
983 1828 1111 1883 Piscarisss

93 1909 213 1955 mutatus
231 1910 271 1954 est
293 1905 380 1971 (codd.
398 1911 427 1955 et
444 1903 478 1954 al.
505 1903 533 1954 iu
551 1903 605 1954 avis
622 1909 742 1953 mutatus
756 1910 799 1954 est
821 1903 942 1954 formam
960 1916 1033 1971 «με
1048 1894 1111 1961 eta),

93 1985 165 2037 quae
182 1988 242 2022 aves
266 1972 362 2037 hodie,
385 1979 415 2021 ut
437 1972 495 2041 ipse
518 1971 547 2022 in
565 1971 707 2038 Georgicis
729 1971 810 2022 docet
831 1975 873 2037 (l,
888 1971 964 2032 408.)
970 2008 981 2035 ,
1000 1968 1111 2038 flagrasti

93 2038 166 2089 inter
189 2056 218 2091 se
241 2056 344 2108 magna
366 2040 510 2091 discordia.
551 2040 635 2090 Modo
660 2055 727 2108 ergo
752 2039 879 2108 Virgilius
902 2047 950 2089 aut
993 2042 1111 2089 oetarm

93 2122 172 2158 more
189 2108 299 2158 miscuit
316 2108 437 2160 tabulas:
460 2116 488 2159 et
504 2112 608 2159 nornen
633 2109 722 2177 posuit
739 2125 788 2178 pro
806 2109 927 2159 nornine.
987 2114 999 2157 t
1014 2106 1111 2159 diceret

93 2172 210 2242 Scyllam
227 2177 297 2239 Nisi,
320 2192 371 2247 pro
388 2176 499 2226 Phorci:
521 2176 591 2226 sicut
613 2177 680 2227 alibi
703 2176 748 2241 (G.
766 2185 797 2242 3,
814 2176 880 2237 893:
904 2175 1039 2227 Domitor
1057 2170 1111 2225 Pol·

94 2244 168 2293 lucis
192 2245 309 2294 habenis
329 2246 476 2312 Cyllarus:
501 2261 566 2294 cum
590 2246 701 2309 Castor,
732 2261 868 2312 equorum
890 2244 1012 2295 domitor
1028 2242 1111 2295 fuerit

91 2312 162 2363 Item
186 2313 235 2377 (G.
252 2318 283 2376 4,
302 2316 367 2376 15.);
390 2314 425 2363 Et
449 2316 580 2363 inanibus
600 2314 702 2364 Procne
727 2326 820 2379 pectus
845 2314 960 2380 signata
979 2314 1111 2364 cruentis:

93 2396 158 2431 cum
175 2380 356 2446 Philomelae,
379 2400 435 2435 non
454 2384 590 2445 Procnes,
604 2383 720 2434 abscissa
737 2384 771 2433 sit
787 2383 889 2449 lingua.
922 2384 976 2433 Aut
992 2391 1067 2434 certe
1083 2378 1111 2431 sis

7 2462 9 2467 ’
92 2449 226 2516 Hysteron
247 2459 392 2520 proteron:
421 2459 451 2500 ut
476 2452 553 2517 quasi
577 2452 716 2518 utriusque
746 2450 854 2502 fabulae
878 2450 1002 2501 videatur
1020 2444 1111 2501 ¹sasccre

68 2532 77 2543 ·
93 2521 403 2583 commemorationem,
419 2527 450 2568 ut
466 2519 526 2589 [ita]
543 2521 740 2587 intelligamus:
758 2519 829 2585 Quid
847 2519 942 2586 loquar
960 2516 1032 2586 [aut]
1048 2517 1111 2585 Scyl·

92 2586 150 2638 lam
166 2588 237 2638 Nisi:
255 2597 302 2638 aut
320 2605 403 2656 quam
420 2589 494 2639 lama
511 2597 604 2639 secuta
621 2597 675 2640 est:
692 2587 815 2639 Candida
831 2588 1001 2638 succinctam
1016 2588 1111 2639 latran-

93 2656 166 2708 tibus
182 2656 296 2723 inguina
314 2657 458 2722 monstris,
482 2657 621 2708 Dulichias
641 2674 746 2709 vexasse
763 2664 853 2717 rates,
871 2668 921 2705 aut
937 2664 1016 2723 certe
1032 2653 1111 2706 uthis

93 2725 273 2795 accipiamus:
304 2725 375 2794 Quid
392 2726 489 2793 loquar
512 2735 560 2776 aut
576 2724 691 2793 Scyllam
709 2725 781 2790 Nisi,
804 2732 853 2776 aut
870 2740 954 2792 quam
978 2726 1055 2777 fama
1078 2738 1111 2774 se

93 2802 156 2844 cuta
173 2792 230 2846 ast?
263 2793 299 2845 Ut
317 2802 359 2846 est
374 2794 441 2846 illud
457 2795 486 2845 in
503 2797 595 2860 primo
614 2796 709 2860 (630.):
727 2793 792 2845 Non
811 2797 914 2860 ignara
933 2795 1019 2858 mali,
1037 2794 1111 2843 mise-

24 2896 31 2905 ·
94 2864 134 2913 ris
152 2866 312 2914 succurrere
328 2865 412 2916 disco.
428 2897 460 2908 -··
495 2869 538 2921 76,
555 2863 708 2914 Dulichias
725 2880 839 2912 vexasse
859 2876 944 2927 rates;
963 2863 1111 2914 Ithacensis

94 2948 110 2980 a
126 2941 229 2983 monte.
263 2933 432 2997 [Dulichium
455 2933 541 2983 insula
567 2940 617 2997 est,
640 2933 689 2984 ubi
712 2949 791 2982 mons
813 2939 853 2983 est
874 2933 996 2983 Ithacus:
1017 2930 1049 2982 in
1066 2946 1111 2998 qus

92 3003 180 3052 fertur
203 3000 340 3053 habitasse
363 3002 465 3054 Ulixes:
496 3017 582 3068 coque
605 3009 635 3053 et
662 3002 720 3069 ipse
742 3000 897 3063 Dulichius,
928 3008 956 3052 et
973 2999 1111 3051 'Dulichias

91 3068 218 3121 habuisse
235 3078 308 3121 rates
325 3070 445 3136 dicitur]
482 3069 601 3121 Vexasse
621 3082 695 3121 rates
719 3078 811 3121 autem
850 3087 884 3131 ¹er
902 3068 1111 3136 Tapin'osiadi·

94 3147 169 3186 ctum
188 3144 243 3202 est,
265 3139 337 3189 Nam
360 3156 416 3191 non
434 3140 551 3202 vexavit,
573 3140 621 3191 sed
637 3139 747 3199 evertit;
770 3087 964 3207 quodpl’robus
989 3135 1046 3187 vult
1068 3136 1111 3188 bas

91 3205 198 3257 ratione
216 3205 378 3270 defendere,
396 3208 500 3260 dicens:
525 3225 638 3258 vexasse
657 3207 749 3259 venire
768 3208 802 3257 ab
821 3223 868 3270 eo,
892 3206 966 3274 quod
984 3215 1025 3257 est
1042 3205 1111 3269 celsa

91 3286 181 3338 vecto,
198 3292 282 3337 νοω
305 3283 337 3325 ut
353 3294 467 3327 vexasse
485 3279 518 3328 sit
534 3290 675 3343 portasse,
700 3284 728 3326 ct
750 3277 808 3329 sine
831 3274 916 3326 dsabio
932 3289 985 3342 pro
1000 3273 1111 3325 arbitris

91 3358 140 3396 suo
158 3343 290 3394 evertisse.
326 3345 450 3412 [Vexasse
468 3354 507 3397 est
524 3347 599 3396 enim
616 3345 653 3396 vis
671 3344 806 3412 quaedam
823 3344 905 3396 alieni
922 3340 1048 3406 arbitrii,
1063 3358 1111 3393 nor

93 3411 169 3463 cuim
186 3412 226 3463 sui
250 3419 346 3480 potens
364 3415 466 3482 estqui
488 3414 602 3465 vehitur.
636 3413 709 3465 Bene
734 3429 801 3482 ergo
824 3413 986 3464 inclinatum
1003 3410 1111 3462 verbum

94 3489 143 3533 est.
176 3481 248 3531 Nam
266 3480 313 3546 qui
329 3481 434 3547 fertur,
449 3490 477 3534 et
492 3490 631 3547 raptatur.
656 3489 684 3533 et
700 3482 754 3533 huc
772 3491 853 3550 atque
868 3481 933 3533 illuc
950 3479 1111 3532 distrahitur

91 3548 183 3601 vexari
204 3549 315 3618 proprie
339 3551 446 3601 dicitur.
487 3551 554 3602 Cato
579 3552 608 3601 in
634 3551 758 3603 oratione
783 3550 816 3602 de
838 3548 968 3601 Achaeis:
996 3547 1111 3668 ⁶²me

92 3618 216 3669 Annibal
233 3630 335 3668 terram
353 3619 467 3669 Italiam
486 3621 621 3670 laceraret
638 3631 719 3686 atque
737 3631 856 3670 vexaret.
892 3619 1040 3675 Ciceroiu
1080 3633 1111 3669 eo

92 3687 174 3738 rinis:
196 3687 248 3738 saa
266 3698 298 3736 ut
314 3704 332 3735 a
350 3689 480 3738 barbaris
503 3689 693 3753 praedonibus
711 3701 810 3739 vexata
835 3699 912 3739 esset.
945 3678 1108 3751 Itemssalibi

92 3754 171 3807 Fano
197 3768 310 3820 vexata,
334 3758 455 3823 direptae
481 3759 562 3806 urbes
587 3759 771 3824 reperiuntur.
791 3784 825 3794 -
865 3765 909 3814 77.
933 3753 977 3803 At
1001 3756 1111 3806 timido„

38 3832 43 3849 ⁶
94 3837 213 3888 nautas,·
236 3825 346 3876 timidos
363 3833 458 3879 nautas
475 3825 598 3877 nonnulli
616 3842 666 3896 pro
682 3827 810 3877 timentes
828 3823 980 3894 accipiunt,
1004 3831 1033 3875 et
1048 3824 1111 3876 bem

92 3895 129 3947 ah
146 3893 271 3958 timidos,
288 3911 320 3945 ex
336 3894 451 3947 dolentis
468 3891 605 3965 persona]
620 3919 654 3932 ·-
688 3901 732 3953 78.
751 3893 818 3957 Teri
826 3919 835 3959 ,·
853 3909 904 3964 pro
921 3892 1015 3945 Terei.
1048 3894 1111 3943 Nan

91 3981 142 4035 per
165 3963 322 4030 synaeresin
345 3964 449 4015 dictum
472 3972 525 4017 est:
556 3956 626 4013 sicui
652 3979 748 4031 supra:
778 3963 950 4029 Fanumque
974 3960 1111 4013 Promethi

92 4049 143 4100 pro
169 4032 335 4086 Promethei.
383 4033 485 4086 Tereus
516 4040 609 4085 autom
632 4032 691 4084 Rex
716 4032 857 4085 Thracum
881 4030 948 4096 tuit,
979 4031 1029 4099 qui
1060 4048 1111 4083 cim
