2424 4506
92 280 159 345 212
264 244 270 255 '
345 266 486 332 sanvn
508 266 870 335 consummastis

97 458 209 530 quinto,
225 454 342 508 Fiscinc
353 453 464 524 fallaci
480 454 603 519 cumulo.
638 454 756 507 Naevius
767 454 802 508 iu
818 445 1029 511 Andromacha:
1048 448 1123 525 Ως

98 542 129 581 tu
149 530 189 579 mi
208 524 307 591 Gnate,
324 542 427 592 quasso
446 536 478 573 ut
494 525 526 574 in
542 535 638 591 pectus
654 536 736 575 tuum
754 525 896 593 demittas,
912 539 1051 594 tamqussn
1065 544 1094 577 ι·

99 600 238 650 demissos
257 599 288 646 s'n
299 594 448 663 fiscinam.
481 593 591 643 Plautus
607 593 637 644 in
654 593 814 647 Mercatore
830 601 874 663 (5,
890 599 927 661 4,
944 597 1015 660 28):
1035 596 1068 649 Vo
1082 614 1123 639 o.

99 684 164 719 sum
190 665 286 715 habeta
311 680 374 713 cum
396 663 506 729 porcis,
529 678 593 712 cuns
611 660 743 731 fiscina]
765 694 800 705 -
840 669 904 722 267.
929 665 1014 717 Nunc
1033 678 1082 717 sos·
1099 675 1123 707 ¹

100 738 165 805 igni
184 734 289 804 fruges
306 741 371 793 etc.;
394 739 559 798 praeparato
582 747 700 799 panem,
723 748 778 800 quo
795 733 918 785 utamini
933 734 965 785 iss
980 734 1123 789 sersaiut

19 834 23 839 ·
99 824 136 859 na
155 824 188 858 ea
204 820 249 855 res
265 800 466 868 impedimento
483 799 517 849 sit
532 808 642 870 postea:
658 801 752 870 [multi
767 806 864 853 tamen
878 803 915 855 de
927 812 1005 855 certo
1018 806 1123 871 imp

99 891 203 945 genere
220 872 325 923 dictum
348 869 449 920 volunt.
483 867 556 919 Nam
580 871 640 935 far,
662 869 787 936 milium,
829 870 962 937 arricum,
984 856 1117 937 molini(

99 952 164 997 ante
186 941 292 993 fuerint
313 946 401 1002 tosta,
421 953 479 988 non
499 946 620 1008 possunt.
660 939 734 989 Nam
751 888 829 1007 quod
849 940 891 991 sit
906 958 979 1009 soro
995 938 1107 1013 frangit,

99 1018 190 1083 potest
212 1009 301 1079 accipi
324 1015 352 1059 et
375 1009 502 1073 pinsere,
525 1008 599 1074 quod
620 1007 758 1075 significat
778 1007 835 1077 pilo
859 1008 994 1076 tundere,
1016 1010 1071 1081 quis
1085 994 1123 1069 t}

99 1082 180 1149 vulgo
203 1086 331 1130 cavatum
354 1092 451 1126 sarum
474 1074 561 1142 pilum
578 1075 709 1141 dicimus,
732 1092 805 1145 quae
822 1078 920 1131 omnia
942 1078 1004 1131 fieri
1019 1080 1103 1149 oportit

99 1157 214 1222 propter
226 1146 388 1201 facilitatem
401 1143 532 1195 molendi.
550 1144 633 1196 Multi
646 1145 862 1214 yhsterologiam
875 1154 983 1215 putant,
994 1148 1053 1217 quis
1062 1150 1105 1199 ssi!
1118 1163 1123 1196 ι

101 1227 143 1272 est
157 1206 280 1281 molere,
303 1229 387 1282 quam
405 1228 532 1280 coquere.
567 1213 700 1265 Nonnulli
719 1215 833 1266 madunt
849 1216 968 1269 rusticos
982 1217 1077 1281 solitos,
1089 1198 1123 1265 ι’-ΙΙ

101 1287 211 1368 quando
236 1285 272 1335 ad
296 1282 465 1335 excudendas
488 1282 581 1350 fruges
602 1290 694 1334 essent
713 1282 851 1335 imbribus
874 1284 1018 1352 impediti,
1042 1283 1106 1357 spis!

102 1365 225 1421 integras
241 1350 376 1413 condere,
401 1358 429 1402 et
451 1358 534 1419 prout
550 1350 712 1417 indiguisset
727 1367 806 1417 usus,
827 1351 923 1406 hieme
939 1362 1058 1420 torrere,
1068 1364 1107 1421 q*

102 1424 208 1477 facilius
222 1441 239 1474 a
255 1422 350 1488 gluqna
368 1435 416 1469 sua
432 1427 590 1488 separatum
607 1420 731 1471 triticum
749 1422 894 1473 molerant
929 1423 984 1475 Alii
996 1438 1048 1475 non
1059 1418 1111 1473 sooi'·

121 1494 182 1545 iunt
198 1493 335 1559 Hysteron
353 1496 497 1556 proteron,
520 1488 568 1539 sed
586 1490 670 1539 modo
693 1489 761 1555 lios,
783 1491 869 1541 modo
890 1490 960 1543 illud
981 1492 1070 1556 facito,
1088 1494 1111 1539 st

101 1512 208 1617 diversa
223 1559 320 1611 dixisse
335 1556 478 1622 videatur]
494 1583 529 1594 —
562 1562 624 1613 268.
642 1556 751 1625 Quippe
769 1560 855 1609 stiam
871 1566 940 1622 etc.;
957 1574 1014 1611 non
1028 1560 1113 1611 minu

101 1638 157 1699 est,
179 1629 314 1681 rusticum
338 1626 429 1694 aliqna
452 1625 545 1677 facere
561 1625 665 1678 debere
682 1643 732 1697 per
752 1626 875 1748 pluvias,
899 1644 967 1679 cum
983 1629 1036 1681 sint

102 1702 169 1754 dam
186 1715 257 1767 quae
279 1699 371 1748 facere
395 1695 479 1763 possit
502 1694 589 1746 etiam
609 1696 686 1747 festis
707 1695 751 1747 die
774 1710 811 1747 us.
844 1696 927 1765 [Sunt
950 1698 1025 1750 assim
1065 1698 1111 1775 'qt

102 1785 174 1840 quaa
192 1768 214 1818 si
232 1765 306 1817 iestis
324 1762 419 1814 diebus
436 1762 518 1827 fiant,
533 1764 616 1814 ferias
632 1764 768 1834 polluant:
792 1774 963 1886 quapropter
980 1775 1009 1819 et
1022 1763 1123 1817 Ponffi'

46 1878 50 1887 .
102 1854 150 1891 ces
168 1832 361 1896 sacrificaturi,
384 1837 562 1898 praemittere
583 1832 796 1884 celatores'suos
814 1848 843 1883 so
856 1842 917 1901 ent,
945 1842 977 1886 ut
991 1834 1072 1887 sicsslsi
1083 1830 1123 1885 si.

102 1906 196 1961 derint
213 1903 333 1972 opifices,
348 1901 501 1952 adsidentes
525 1915 593 1969 opus
616 1917 697 1953 suum
713 1901 896 1969 prohibeant,
922 1922 958 1956 ne
983 1918 1034 1974 pro

101 1976 141 2028 tio
158 1990 222 2037 suo,
246 1980 274 2023 et
290 1971 415 2037 ipsorum
433 1969 540 2033 oculos,
562 1977 591 2022 et
606 1969 773 2023 cerimonias
789 1971 874 2023 deum
891 1975 1067 2039 attaminant,

101 2044 162 2096 riae
194 2040 270 2093 enim
292 2054 395 2106 ¹operae
416 2039 536 2089 deorum
559 2039 681 2113 creditae
711 2048 782 2091 sunt.
810 2040 900 2099 ,Sana
927 2042 1006 2093 feriis
1026 2051 1112 2095 sensu

100 2113 179 2166 {erro
200 2109 278 2176 tangi
300 2108 378 2158 nefas
400 2114 454 2172 est,
481 2106 548 2174 quia
576 2106 666 2159 feriae
690 2108 808 2160 deorum
836 2126 921 2161 causa
948 2110 1114 2173 instituuntur,

99 2179 165 2234 festi
187 2177 246 2229 dies
266 2176 412 2229 hominum
436 2172 565 2244 quoqua]
582 2200 616 2212 ·-
650 2182 712 2235 2690
727 2176 784 2228 Fas
802 2190 827 2228 et
845 2182 911 2230 iura
930 2179 1079 2243 sinunt,·i.

101 2249 195 2302 divina
212 2249 388 2312 humanaque
411 2245 473 2296 iura
490 2244 661 2313 permittunt.
695 2245 767 2296 Nam
785 2245 821 2296 ad
837 2249 1005 2316 religionem
1020 2252 1069 2313 l'as,

101 2317 232 2371 homines
248 2316 309 2367 iura
326 2313 475 2383 pertinent.
507 2314 555 2380 [Et
572 2328 628 2364 non
645 2313 704 2365 sine
722 2331 802 2366 causa
820 2316 872 2368 hoc
890 2318 997 2369 dictum
1013 2336 1029 2370 s
1044 2314 1104 2367 vir·

102 2387 140 2440 lio
159 2401 246 2452 gnaro
263 2384 346 2432 totins
363 2396 507 2433 sacrorum
528 2381 597 2431 ritus
621 2383 741 2449 ponitur.
775 2383 908 2453 Religiosi
925 2388 1002 2437 enim
1018 2330 1114 2437 arsag

98 2462 217 2520 cuntur,
233 2453 282 2523 qni
298 2452 486 2503 {sciendarum
504 2450 827 2521 praemittendarumque
845 2454 953 2521 (Burm.
969 2456 1038 2507 coni.
1052 2466 1114 2523 μιν·

102 2524 198 2586 term.)
227 2538 324 2574 rerum
353 2522 508 2573 divinarum
539 2521 689 2570 secundum
718 2537 828 2574 morem
852 2525 966 2577 civitatis
998 2527 1113 2577 delectem

101 2594 221 2655 habent,
244 2608 296 2642 nec
319 2606 348 2641 se
370 2582 608 2657 superstitionibus
631 2589 782 2659 implicant.
818 2592 890 2643 Cum
908 2582 976 2662 ergo
999 2595 1041 2646 hic
1055 2580 1113 2657 dicit,

101 2663 177 2715 festis
193 2660 331 2728 quaedam
348 2674 476 2710 exercere
493 2657 589 2708 diebus
607 2658 658 2709 Fas
675 2667 703 2709 et
718 2659 781 2711 iura
798 2660 905 2727 sinunt,
930 2672 958 2715 et
974 2663 1045 2715 nulla
1056 2660 1113 2714 reli·

101 2731 150 2800 gio
176 2730 274 2792 vetuit,
304 2727 424 2778 ostendit
446 2726 532 2776 multa
557 2742 629 2794 quae
653 2727 687 2777 ad
710 2744 771 2779 rem
795 2729 918 2782 divinam
942 2734 1073 2801 pertinent
1087 2742 1112 2783 a!

102 2807 253 2868 praecepto
271 2806 392 2864 esposse
414 2795 490 2859 fieri,
512 2801 540 2845 et
561 2795 657 2860 vitari,
680 2796 715 2847 ab
738 2795 782 2847 his
799 2799 918 2865 scilicet,
942 2802 990 2869 qui
1005 2796 1113 2867 religiosi,

102 2876 134 2920 ut
155 2884 237 2936 supra
261 2867 366 2917 dictum
391 2872 443 2916 est.
468 2863 653 2933 appellantur,
678 2881 762 2932 quom
786 2882 897 2920 morem
920 2871 1004 2923 Posse
1024 2866 1112 2937 ogsndt

101 2935 191 2998 aliud,
215 2935 350 2986 subtiliter
373 2932 485 2997 docuit]
519 2932 608 2983 Rivos
633 2935 781 3001 deducere3
806 2936 824 2986 i.
847 2955 885 3000 e.,
909 2939 1021 2991 siccare.
1055 2938 1112 2989 Nous

101 3005 223 3072 irrigare
246 3004 377 3055 inducere
402 3010 449 3054 est.
485 3002 520 3051 Ut
536 3000 631 3068 (ledit
655 3001 765 3055 Deinde
783 3009 857 3056 satis
867 3007 999 3074 fluvium
1015 3006 1123 3059 indnoiti

101 3075 174 3125 Sane
195 3073 336 3123 sciendum
357 3071 508 3123 secundum
527 3072 681 3122 Varronem
704 3082 803 3126 contra
825 3076 992 3144 religionem
1014 3094 1077 3139 esse,
1090 3070 1111 3127 ¹tl

104 3142 148 3194 vel
172 3141 324 3208 irrigentur
349 3140 423 3209 agri,
445 3140 488 3191 vel
508 3139 633 3190 laventur
658 3141 788 3193 animalia
812 3145 887 3195 festis
911 3146 1015 3199 diebus.
1045 3144 1112 3212 Nyss-

103 3211 176 3280 phae
192 3210 269 3262 enim
286 3209 345 3259 sine
361 3208 470 3280 piaculo
486 3223 541 3259 non
558 3218 671 3275 possunt
687 3211 800 3263 moveri.
833 3212 885 3264 Sed
903 3216 1024 3281 scimus,
1038 3216 1113 3267 nes&

101 3278 180 3332 sitati
194 3278 359 3344 religionem
377 3278 492 3330 cedere:
510 3274 587 3328 Unde
604 3278 693 3348 perite
708 3280 835 3346 Virgilius
852 3282 906 3333 ait:
930 3283 1019 3336 Rioos
1035 3283 1110 3334 deins.

104 3357 155 3400 etc.
169 3373 201 3384 -
236 3354 298 3403 270.
317 3347 438 3414 [Vescia
455 3346 604 3414 prohibuit.
639 3345 817 3399 Praetendens
835 3367 943 3418 sepem,
961 3353 1121 3405 circumdem

102 3425 133 3472 et
149 3432 305 3487 opponere,
328 3424 358 3466 et
378 3415 508 3482 subaudi,
531 3414 607 3468 nulla
627 3416 726 3486 religio
748 3418 840 3471 vetuit.
856 3445 891 3458 ·-
926 3428 989 3481 271.
1006 3422 1112 3474 Insidlss

130 3589 182 3641 267)
209 3591 249 3630 Pro
263 3601 298 3628 vv.
308 3598 432 3641 praeparata
444 3612 459 3623 -
473 3611 485 3622 ·
495 3599 579 3642 postes,
600 3606 650 3644 quea
668 3603 716 3634 suot
734 3594 756 3634 in
774 3596 835 3634 codd.
848 3596 919 3636 (suem
932 3599 948 3637 l.
961 3600 987 3639 n.
999 3601 1025 3639 L.
1037 3602 1060 3641 a
1070 3599 1113 3641 νὴ

187 3651 255 3689 Burm.
271 3647 345 3685 edidit:
367 3648 467 3698 Hystcron
482 3656 589 3697 proteron,
609 3657 703 3702 tanquam
719 3653 783 3698 diest,
803 3660 878 3692 torrete
893 3655 945 3705 igni,
964 3656 1042 3710 coquite
1053 3664 1114 3709 pm}

188 3713 210 3744 et
229 3712 299 3755 postes
321 3704 385 3748 dicat,
406 3704 489 3755 iringitc
510 3719 570 3751 saxo,
592 3721 636 3746 cum
656 3709 711 3759 prius
730 3710 756 3749 sit
773 3710 895 3749 frumentum
918 3714 1007 3761 molere,
1024 3712 1113 3755 etde-iob

186 3763 249 3803 fastos
263 3773 324 3813 panes
338 3774 433 3811 coquere:
454 3762 490 3800 scd
502 3770 556 3801 reete
570 3771 591 3801 st
604 3766 695 3805 ordinste
710 3767 773 3806 dixit:
792 3781 839 3806 uam
853 3775 932 3808 sors-sta
940 3770 1032 3826 fruges,
1048 3785 1083 3811 nor
1093 3770 1113 3808 ds

186 3816 295 3871 coquendis
308 3818 403 3868 panibus,
418 3818 454 3856 scd
468 3817 493 3855 ds
507 3818 604 3859 siccandis
617 3820 705 3872 frugibus
720 3823 783 3872 dixit3
803 3824 858 3876 qnod
871 3825 894 3863 fis
907 3828 1008 3877 primum,
1028 3836 1046 3868 et
1058 3835 1115 3881 posis!

185 3877 270 3916 siccatae
284 3874 348 3926 fruges
362 3875 476 3913 moluntur:
496 3881 517 3912 ct
528 3876 626 3928 praecipit
639 3881 749 3929 parendum
764 3895 807 3919 csso
820 3894 906 3932 panem,
928 3898 969 3938 quo
988 3885 1115 3927 utendnnsii.

184 3947 256 3974 κπιιο
274 3934 343 3978 coelo,
362 3944 387 3970 us
405 3944 430 3969 ts
448 3943 480 3969 m
499 3938 548 3971 tunc
566 3933 591 3972 sit
610 3935 760 3986 impedimento.
788 3938 850 3977 Multi
864 3947 903 3977 etr.
917 3963 944 3974 -
974 3944 1001 3983 G.
1014 3934 1123 3997 prsepsrsts'

183 4004 257 4043 panem
270 3989 292 4029 iu
305 3988 425 4034 serenitate,
440 3996 463 4026 ut
475 3988 530 4039 psius
544 3997 654 4037 torreatur,
669 3993 683 4031 i.
698 4007 715 4030 s.
729 3995 826 4038 siccetur,
847 3996 895 4035 doiss
910 3998 1034 4043 {molm-
1061 4005 1117 4044 Pm-

180 4052 227 4102 ‘iss
240 4060 291 4089 saxo
305 4053 336 4086 est
349 4046 398 4086 ordo
412 4057 529 4098 pervorsus,
544 4047 591 4102 quis
604 4048 693 4103 irrupere
707 4063 757 4091 ssxo
771 4053 881 4095 sutscsdit.
