2424 4506
152 273 215 337 132
407 262 548 327 sautu
572 262 924 327 COMMENTARIUS

79 496 83 501 .
156 456 210 505 hus
226 451 340 503 uostris.
375 448 411 500 Et
428 450 545 516 dignam
571 462 611 499 ert
634 450 673 501 sie
696 449 778 513 dixit,
805 447 882 516 qumi
905 462 938 497 er
961 445 1024 498 loco
1040 444 1182 513 superiore.

156 522 294 591 [Ostendit
311 534 376 586 ergo
394 535 422 569 se
440 521 561 585 primum
576 529 637 588 pust
652 520 832 571 'l'hcmritmn
848 515 971 565 bucolica
984 512 1180 583 scripsissc.]·-

158 600 184 647 2.
202 590 294 639 Siluas
319 587 461 651 habitan,-
486 587 556 637 sicut
579 588 645 651 (Ecl.
662 596 695 653 2,
712 589 781 647 29.):
806 586 891 651 Atque
915 582 1038 635 humiles
1055 583 1179 633 'turture
1195 629 1201 647 ,.

160 674 250 708 ouras.
289 656 408 717 rmum
425 671 503 705 muse
521 655 635 707 scilicet.
656 663 684 707 et
700 656 808 707 Graece
825 649 1016 721 sit-[ellum]
1048 652 1121 703 Nam
1135 648 1178 707 In,-

159 729 216 779 tine
241 724 346 774 Thalen
370 723 465 775 debuit
487 723 590 783 dicere;
614 724 684 774 sicut
700 726 856 789 Κυθέρεια,
883 720 1032 787 Cytherea:
1057 720 1105 771 sed
1124 734 1178 799 pro·

160 803 223 865 pter
249 792 417 862 euphoniam
441 792 606 861 contempsit
627 792 669 842 ius
691 793 821 860 regulae:
845 796 874 841 et
895 790 960 840 ideo
982 790 1014 841 in
1031 787 1176 841 Gruccnate
1199 803 1206 854 4

160 862 323 934 permansit.
339 888 373 897 —
407 868 432 917 3.
451 860 520 909 Cum
539 878 664 910 cunerem
683 861 786 927 llegrs,
810 871 835 909 et
852 859 977 924 proelia:
1003 873 1068 907 cum
1090 864 1175 907 cauere
1203 863 1206 904 ὲ

160 932 267 985 vellem.
309 929 345 977 Et
366 926 502 995 significat
524 936 572 979 ant
594 928 759 991 Aeneidem,
784 936 832 979 ant
854 934 931 993 gesta
956 942 1058 992 regum
1073 924 1175 975 Albane·

161 1016 242 1063 rum,
265 1012 336 1065 quae
361 1006 458 1066 coeptu
482 996 588 1059 emisit,
614 999 759 1049 nominum
776 996 924 1062 asperitate
940 993 1094 1047 deterritus.
1125 988 1175 1060 [Ali

162 1068 279 1134 Scyllam
297 1081 361 1115 eum
383 1066 504 1116 scribere
527 1065 649 1130 coepisse
665 1069 774 1128 dieunt,
798 1065 827 1115 in
843 1078 898 1131 (suo
921 1064 994 1115 libro
1010 1062 1070 1113 Nisi
1092 1042 1173 1112 etrd
1197 1064 1206 1086 ¹

164 1136 224 1187 nois
251 1135 324 1201 regis
354 1132 526 1185 Cretensium
557 1133 661 1183 bellum
692 1132 878 1185 describebat.
912 1132 959 1183 alii
990 1130 1025 1182 de
1047 1124 1174 1204 tragoeda

163 1203 290 1270 Thyestis
313 1199 497 1267 (Thyestel).]
533 1200 685 1266 Cyuu'u'ur,¹
708 1200 804 1270 Apollo
831 1218 848 1250 a
872 1198 980 1267 Cyntho
1004 1194 1099 1249 niente
1118 1194 1175 1259 Μ,

164 1272 194 1323 in
211 1287 266 1339 quo
283 1278 362 1319 uatus
379 1278 428 1320 est.
465 1270 567 1319 Aurem
585 1271 678 1337 vellit3
696 1270 715 1322 i.
732 1288 756 1322 e.
773 1268 871 1329 movit;
887 1268 954 1319 alibi
970 1268 1047 1333 (Aen.
1062 1274 1089 1331 2,
1103 1261 1173 1323 480.)ss

166 1340 311 1405 Porterque
336 1356 353 1385 a
380 1338 496 1387 cardine
521 1340 599 1389 vellit
622 1351 740 1390 aeratos.
781 1337 882 1386 Aurem
905 1344 999 1387 autem
1021 1334 1100 1399 ideo,
1123 1330 1206 1401 quia·

166 1406 321 1460 Memoriae
344 1413 502 1457 consecrate
519 1414 573 1470 est,
597 1414 627 1457 ut
649 1408 726 1458 frons
744 1405 850 1469 Genio,
872 1405 951 1473 digiti
968 1403 1120 1465 Minervae,
1138 1411 1175 1465 gr·

166 1492 223 1528 nun
244 1472 459 1525 Misericordiae.
484 1500 518 1510 -·
559 1478 585 1528 4.
608 1474 762 1543 [Pinguem
786 1473 904 1539 figurate
927 1478 1049 1539 pingues
1072 1482 1176 1537 perun.
1195 1491 1206 1501 ·

165 1545 183 1595 i.
201 1562 242 1607 e,
257 1559 384 1610 pascere,
409 1549 438 1592 ut
454 1541 652 1610 pinguescent]
668 1569 702 1581 -
737 1550 761 1601 5.
780 1542 937 1591 Deductum
957 1542 1047 1591 dicere
1065 1532 1175 1597 cerr'nery

166 1620 257 1663 tenue.
293 1609 448 1661 Translitio
466 1626 483 1659 a
499 1609 576 1672 lana,
599 1627 671 1678 quae
696 1610 839 1663 deducitur
863 1610 891 1661 iu
915 1608 1094 1671 tenuitatem,
1112 1602 1143 1673 [i.
1156 1620 1176 1653 a·

166 1679 330 1732 bucolicum.
363 1675 450 1743 Sane,
467 1695 530 1727 oum
548 1695 674 1729 canerem
693 1696 769 1746 reges
788 1690 813 1729 et
829 1678 954 1743 praelier
980 1684 1022 1729 et:
1046 1676 1175 1726 deducturi

169 1751 260 1799 dicere
278 1763 403 1811 carrum,
425 1746 537 1814 quidam
555 1747 646 1798 volunt
661 1749 714 1799 hoc
731 1746 896 1814 significasse
914 1744 1073 1813 Virgilium,
1089 1760 1116 1795 se
1129 1754 1176 1821 lym·

167 1818 233 1870 dem
250 1815 377 1867 altiorem
394 1814 427 1866 de
445 1814 521 1865 bellis
538 1822 567 1865 et
582 1816 692 1882 regibus
705 1828 769 1868 ante
784 1814 941 1866 bucolicum
955 1828 1069 1865 carmen
1082 1811 1176 1877 eleflmt

168 1883 330 1947 materiam,
361 1883 409 1935 sed
431 1883 601 1935 considerata
624 1885 720 1937 aetatis
744 1891 772 1935 et
794 1882 899 1948 ingenii
922 1882 1053 1951 qualitate
1075 1886 1177 1953 midette
1192 1890 1203 1897 ‘

165 1952 327 2013 consilium,
344 1959 372 2002 et
388 1951 534 2019 arripuisse
552 1967 618 2020 opus
636 1953 760 2016 mollius,
776 1960 909 2019 quatenus
925 1951 995 2002 vires
1011 1966 1072 2003 sites
1087 1948 1177 2001 lemn-

169 2022 221 2072 bus
243 2018 429 2090 praeludendo
446 2019 481 2069 ud
504 2019 602 2071 altiora
624 2019 763 2072 narranda
786 2018 981 2089 praepararet]
999 2045 1034 2056 -·
1067 2022 1093 2077 6.
1107 2014 1177 2069 lium

169 2107 237 2157 ego,·
269 2088 335 2139 ordo
358 2095 412 2138 est:
440 2086 519 2137 Nrmc
549 2104 600 2155 ego
623 2098 758 2157 agrestem
781 2090 859 2139 tenui
882 2086 1038 2139 meditabor
1061 2080 1179 2159 arundine

169 2172 293 2220 murem,
317 2156 335 2205 i.
359 2174 383 2207 e.
416 2171 528 2207 carmen
551 2157 683 2208 rusticum
713 2156 841 2207 scribam.
883 2156 1011 2222 Namque
1035 2148 1178 2220 superstit

167 2236 266 2286 erunt3
288 2221 551 2293 superabundabunt
565 2224 631 2289 tibi,
654 2226 758 2294 inquit,
782 2224 910 2288 ovare,
934 2225 981 2291 qui
1001 2224 1123 2275 ambiant
1141 2226 1180 2267 tut

168 2296 243 2346 lacta
260 2290 422 2343 describere.
455 2293 507 2343 Hic
524 2300 617 2343 autem
637 2296 720 2344 Varus
738 2293 893 2359 Germanos
910 2293 1027 2356 vireret,
1050 2301 1078 2343 et
1098 2282 1179 2339 exinde

169 2362 320 2413 maximam
343 2361 433 2411 lueret
450 2368 478 2410 et
493 2362 610 2427 gloriam
634 2369 663 2414 et
683 2362 830 2431 pecuniam
846 2369 1021 2411 consecutus:
1044 2377 1094 2430 per
1109 2366 1180 2433 quelli

170 2428 297 2495 Virgilius
321 2436 463 2479 inseruerat
485 2429 612 2495 plurima.
653 2430 723 2496 [Alii
747 2432 850 2479 Varum
875 2445 939 2479 eum
964 2422 1137 2493 dicunt,'qui
1155 2436 1191 2471 nr

168 2496 324 2549 Germania
352 2512 416 2545 cum
443 2497 530 2548 tribus
558 2498 712 2562 legionibus
742 2497 848 2549 interiit
870 2497 975 2547 arrrissis
998 2496 1095 2565 siguis,
1122 2504 1180 2559 qliae

190 2574 265 2616 ostea
288 2563 472 2614 Germanicus
495 2565 564 2614 lilius
588 2566 670 2617 Drusi
701 2566 814 2631 recepit.
861 2566 927 2628 Alii,
957 2567 1017 2615 suso
1048 2566 1180 2630 fugamque

164 2585 261 2687 hsinio
278 2630 398 2682 Pollione
414 2631 450 2680 ub
467 2634 588 2700 Augusto
603 2635 730 2686 Alfenum
747 2634 850 2683 Varum
872 2633 994 2701 legatum
1012 2633 1181 2701 substitutum,

171 2702 219 2771 qui
241 2700 441 2767 transpadanae
464 2702 620 2769 provinciae
644 2711 671 2753 et
696 2700 770 2770 agris
793 2700 943 2753 dividendis
965 2708 1114 2768 praeesset,
1143 2708 1180 2763 qm

169 2769 274 2821 curavit
290 2786 325 2819 ue
343 2784 425 2835 ager,
446 2768 492 2835 qui
511 2771 622 2836 Virgilio
639 2771 778 2823 restitutus
794 2771 900 2832 luerat,
922 2787 938 2821 a
956 2767 1089 2822 veteranis
1105 2768 1180 2819 auler-

169 2835 265 2901 retur.]
281 2863 314 2872 -
349 2845 374 2893 7.
394 2836 501 2887 Tristia
527 2842 641 2889 condere
666 2842 752 2891 tella:
776 2838 917 2906 epitheton
941 2837 1077 2888 bellorum
1099 2848 1206 2905 perpe·

171 2914 259 2956 tumn.
296 2904 449 2972 [Condere3
473 2920 657 2974 componere,
681 2915 711 2957 ut
727 2926 742 2959 e
759 2906 899 2957 contrario
922 2903 1081 2968 incondite]
1096 2932 1128 2943 -
1162 2902 1183 2957 9·

171 2970 238 3024 Non
255 2975 369 3022 iniussu
388 2991 474 3037 ceum·
494 2975 534 3024 vel
550 2976 585 3024 nb
602 2975 741 3041 Apolline,
758 2975 851 3025 veleb
868 2977 1004 3041 Angusto,
1021 2974 1074 3042 [vel
1089 2970 1182 3025 aliiae

168 3048 275 3092 cenate.
309 3041 382 3104 Sive,
400 3042 468 3092 nihil
485 3042 572 3093 altum
590 3060 667 3095 meus
684 3044 810 3105 inchoat,
834 3052 863 3095 et
880 3043 932 3092 hoc
949 3042 1028 3105 ideo,
1064 3041 1106 3093 uia
1122 3040 1182 3091 dixe·

168 3104 228 3161 'rutz
245 3110 344 3156 Aurem
364 3108 459 3173 uellit]
492 3108 570 3158 Here
588 3130 710 3177 quoque;
729 3112 772 3162 vel
788 3111 853 3163 licet
869 3112 944 3172 vilia,
961 3111 1032 3159 sicut
1072 3104 1183 3161 heocriti.

171 3178 208 3227 Et
223 3177 276 3227 hoc
294 3176 373 3225 dicit:
396 3176 424 3227 Si
447 3180 521 3245 quis,
543 3180 607 3229 licet
629 3182 745 3243 rustica,
766 3180 859 3247 legere
883 3180 966 3229 luerit
989 3179 1040 3228 ista
1057 3179 1184 3247 dignatis:

171 3252 231 3295 tuas
248 3252 339 3294 tamen
358 3244 387 3293 iu
404 3245 445 3295 his
461 3247 553 3298 laudes
570 3248 697 3300 inveniet.
731 3248 804 3297 Nam
821 3266 871 3317 per
888 3250 1006 3315 myricas
1024 3255 1051 3299 et
1073 3258 1185 3305 uentura,

170 3311 296 3362 bucolica
318 3311 460 3377 siguificat.
483 3341 517 3350 -
560 3324 599 3371 11.
624 3316 682 3367 Nec
708 3314 812 3366 Phoebo
837 3320 946 3382 gratior
973 3316 1033 3366 ullu
1058 3328 1115 3378 est,·
1142 3326 1185 3363 uet

171 3380 247 3433 enirn
270 3380 371 3447 pagine
395 3380 449 3431 ulla
471 3382 587 3451 Apollini
611 3392 651 3435 est
673 3384 793 3452 gratior,
816 3401 899 3451 quiam
917 3401 987 3452 quae
1009 3385 1072 3435 Vari
1094 3398 1186 3435 nomeu

172 3454 260 3515 gestat
281 3447 311 3497 in
334 3447 420 3498 titulo.
455 3450 534 3517 Quod
550 3452 612 3503 ideo
631 3452 709 3520 dicit,
734 3453 797 3518 quia
814 3452 886 3503 barre
904 3453 1029 3520 eclogam
1046 3459 1149 3504 constat
1161 3452 1188 3501 in

171 3517 309 3568 honorem
327 3516 392 3565 Vari
415 3534 474 3570 esse
497 3521 686 3587 perscriptam.
723 3520 832 3571 Dicitur
856 3530 949 3572 mitem
974 3520 1081 3590 ingenti
1104 3522 1187 3572 farore

172 3583 320 3651 aVirgilio
336 3599 394 3634 esse
410 3587 538 3637 recitata:
562 3588 630 3638 ndec
649 3598 693 3651 ut,
717 3605 782 3638 cum
806 3607 867 3640 eam
885 3598 980 3655 postea
998 3589 1123 3657 Cytheris
1138 3604 1200 3655 rue-¹

172 3652 258 3703 re'trix
274 3660 409 3703 cantasset
423 3654 454 3704 in
473 3656 588 3719 theatro,
605 3672 688 3723 qumn
705 3658 734 3706 iu
752 3658 806 3707 sme
823 3657 987 3722 Lycoridem
1007 3665 1093 3721 vocat,
1107 3665 1189 3723 stupe

171 3720 259 3770 iactus
276 3720 387 3781 Cicero,
411 3722 486 3772 cuius
507 3731 578 3773 essct
599 3725 766 3791 requireret,
790 3734 906 3775 etcum
932 3742 995 3776 eum
1021 3726 1133 3776 taudem
1149 3724 1192 3787 ali-

171 3787 281 3904 ppuudo
304 3789 470 3854 agnovisset,
487 3792 585 3841 dixisse
607 3792 711 3843 dicetur
735 3792 814 3843 etad
837 3794 914 3843 suam
935 3802 961 3843 ct
983 3794 1055 3845 illins
1071 3793 1192 3845 laudem:

206 3874 294 3921 agnae
318 3874 379 3920 spes
402 3858 489 3905 alteru
519 3858 628 3909 llomae.
667 3859 745 3926 Quod
771 3860 819 3910 iste
843 3870 937 3926 postea
964 3863 1193 3927 (Aeu.12,16u'.)

171 3924 206 3973 ad
223 3925 366 3974 Ascanium
392 3927 541 3988 transtulit,
565 3929 633 3977 sicut
655 3938 887 3980 cmumentntures
910 3930 1069 3996 loquuntur.
1087 3956 1122 3967 -
1159 3940 1194 3987 13.

169 3987 280 4059 tergm
296 3991 421 4043 Pierides
427 4012 437 4057 ς
462 3992 588 4048 licrtntnr
605 4012 695 4048 musas
713 3998 748 4049 ad
765 3999 913 4051 reserenda
931 4014 981 4065 ea,
1006 4016 1078 4069 quae
1095 4001 1195 4065 Silenus
