2288 4514
121 276 158 317 m
181 224 339 317 naen.
363 252 523 316 ποκα
545 260 583 327 2,
607 258 672 323 aaa
692 284 735 301 ·-
754 260 794 327 a,
816 259 847 325 1·
873 255 877 263 ·
939 256 1004 323 aar

86 438 187 491 dieunt
202 440 318 504 olivam,
340 456 373 492 ea
389 456 444 509 qua
465 438 602 510 premitur
625 439 735 507 oleum,
756 437 833 520 quod
848 438 1006 490 elaeonro-

82 508 159 563 eleon
175 518 271 561 antem
287 508 389 561 dieitrn
412 508 618 573 misericordia,
640 524 712 575 quae
728 524 795 578 qma
811 505 949 575 contingit
964 506 1005 558 eie

128 592 146 629 x
168 578 265 643 datm,
290 578 352 629 olea
374 578 450 644 pacia
472 579 582 645 rignum
607 582 657 628 eat.
673 604 709 615 -
742 583 804 634 417.
829 578 915 647 Anus
939 574 1004 645 effe·

79 692 81 699 .
104 648 167 701 ine·
182 648 219 699 ad
236 644 407 699 vindemiam
430 648 517 697 lactor
533 646 616 710 dicit,
638 652 667 699 et
683 653 745 697 tum
761 644 883 697 maxime
899 644 1005 697 subito·

89 714 259 785 pniculoroa
275 732 342 769 eree.
360 741 395 755 -·
427 720 492 773 437.
507 714 626 783 Cytorus
648 723 690 766 ert
710 712 845 784 oppidum
860 714 1008 765 Ponticum

81 784 170 851 buxo,
194 801 253 837 non
274 784 380 851 colum,
403 784 451 837 sed
474 784 631 854 praecipue.
664 783 785 837 Maricla
806 789 849 836 eet
871 781 1006 853 oppidum

78 870 101 919 r,
124 854 213 923 piceio
233 854 374 922 frequens.
407 852 507 921 Ityraei
529 852 605 906 natio
622 849 655 903 Sc
705 868 787 905 arum
808 859 859 904 ert.
875 876 909 889 -
942 852 1006 909 464·

77 940 135 989 rea,
150 921 312 983 Corirrtlria3
334 920 447 992 Ephyra
464 921 540 973 enim
556 921 633 993 priua
671 922 723 975 'cta
740 931 782 972 eet
796 930 892 989 postea
909 918 1007 973 Corin-

78 990 190 1061 'rampe
212 998 277 1043 nint
297 989 360 1043 loca
381 1006 546 1053 nemorosa,
574 990 691 1058 frigida,
711 992 835 1045 fontana.
857 1016 893 1028 -
941 995 1004 1046 tiu

85 1060 129 1113 eol
143 1074 211 1111 cum
226 1058 286 1111 eiua
302 1058 401 1111 orbem
417 1058 492 1111 cubit
507 1060 587 1124 luna,
612 1058 703 1113 obstat
718 1058 812 1113 radiir.
844 1060 942 1111 Limne
958 1072 1006 1110 au-

77 1128 168 1185 netto
182 1128 230 1193 lit,
251 1128 319 1199 quia
334 1144 392 1182 nou
408 1144 459 1180 auo
475 1127 581 1181 lumine
596 1127 686 1195 lucet,
708 1129 757 1181 aed
773 1143 807 1181 eo
825 1129 899 1197 quod
916 1146 934 1181 a
949 1124 1007 1177 cole

76 1236 83 1264 ,
105 1214 173 1249 cum
194 1196 226 1249 in
249 1196 381 1249 umbram
404 1206 497 1251 terrae
523 1200 605 1249 venit
638 1198 734 1251 mou·
751 1206 845 1250 autem
868 1196 954 1248 maria
970 1196 1007 1249 ad

76 1275 181 1319 netum
197 1275 226 1317 et
241 1266 379 1331 rationem
396 1266 473 1318 liunt.
507 1265 560 1317 Sed
582 1266 665 1319 lunae
688 1266 890 1335 autquinque
907 1272 1008 1329 metm,

76 1354 103 1403 r,
125 1342 297 1403 menrtruua,
320 1336 484 1401 annotinus,
506 1335 671 1397 altitudinis;
694 1335 725 1387 lri
742 1335 857 1387 extremi
873 1333 909 1387 ad
925 1348 1007 1388 mare

76 1412 121 1461 nt.
164 1404 271 1457 Terrae
293 1412 388 1456 autem
411 1405 541 1456 tremoris
561 1412 618 1456 trec
639 1419 739 1457 caune
761 1411 840 1469 aunt,
868 1421 935 1457 nam
957 1411 1007 1456 aut

78 1472 193 1527 inclusit
216 1472 320 1525 ‘filum
343 1473 539 1541 quaerentibus
562 1473 745 1525 {nodamenta
767 1481 945 1541 quassantur,
975 1480 1008 1525 ut

75 1542 167 1597 aientia
183 1542 327 1609 superiore
343 1543 554 1602 continuantem
578 1549 626 1591 aut
642 1541 717 1609 igni,
739 1556 827 1610 quem
843 1542 932 1594 inesse
950 1549 1007 1593 ten

75 1620 123 1665 tm
139 1612 344 1676 decoramen,
360 1626 425 1661 eum
442 1612 558 1674 cadunt,
574 1626 656 1662 sonus
672 1611 798 1678 ipsorum
814 1611 943 1671 subridit;
959 1616 1008 1662 aut

76 1688 148 1745 ‚clun
166 1678 197 1733 id
212 1678 287 1749 quod
302 1677 452 1745 sentirent,
473 1678 563 1731 delabi
582 1679 612 1731 in
629 1680 768 1749 liquorem
784 1681 944 1748 patiuntur,
959 1678 1007 1731 sed

75 1746 143 1821 nptia
172 1744 257 1801 terrie
279 1747 360 1799 latiur
389 1750 600 1799 cuintituuntur.
624 1776 658 1786 -
704 1754 767 1805 481.
789 1746 873 1814 Quod
897 1760 1007 1799 tantum

74 1832 180 1871 arerem
203 1816 278 1869 diem
301 1817 384 1882 facit,
407 1832 473 1869 cum
497 1826 591 1869 octava
614 1824 696 1887 parte
718 1815 810 1868 maior
834 1827 875 1869 eat
893 1834 925 1871 ea
942 1834 1008 1888 pars

79 1884 510 2024 ’aqbbqffiiiictibnt‘iiiiuiiis
526 1884 688 2007 brabii&-
709 1886 1007 2024 iigiffgi⁰infgiiss

384 1996 390 2004 ¹
511 1992 518 2006 ·
668 1992 690 2017 ‘r

74 2022 264 2095 {praecordia
281 2023 363 2074 ducto
387 2025 529 2087 animum
552 2024 727 2093 Empedoclis
748 2025 892 2077 sententia.
927 2026 1009 2095 Spar·

74 2092 227 2147 Thessaliae
250 2092 367 2144 flumen.
402 2092 526 2161 Taygeta
543 2092 707 2159 Laconicen,
730 2092 779 2145 ubi
803 2103 938 2147 venantur
956 2094 1010 2146 vir·

95 2160 254 2226 Lacaenis,
271 2162 367 2213 Lacon
384 2160 461 2211 eninr
478 2161 607 2215 Lacaena
624 2163 706 2226 lacit3
729 2162 938 2230 Lacedaemon,
955 2163 1009 2218 La·

73 2232 176 2285 nonius.
218 2230 313 2282 Lacon
336 2228 415 2299 regio
441 2238 496 2293 ert3
520 2230 714 2285 Lacedaemon
738 2232 872 2300 oppidum
896 2233 1010 2302 Spartae

73 2317 93 2367 .·,
118 2301 198 2353 unde
227 2298 379 2379 Spartanae
398 2307 473 2355 aunt
501 2301 618 2353 eaedem
648 2301 776 2370 virginea.
798 2328 833 2341 -·
879 2308 941 2361 506.
973 2303 1010 2355 Ut

72 2376 167 2431 netu3
189 2368 305 2435 Tyrram
322 2384 477 2438 purpuram
496 2369 550 2421 vult
566 2369 697 2439 intelligi,
718 2369 869 2422 Sarranum
887 2380 1009 2435 ostrum

72 2446 193 2493 nauum
208 2438 323 2491 Sarrum
338 2436 520 2519 appellatam,
543 2438 680 2491 Homerus
697 2439 791 2505 docet,
814 2456 900 2509 quem
922 2441 1009 2495 etiarn

72 2507 237 2576 nequitur,
253 2522 320 2557 cum
336 2506 417 2560 dreit:
443 2506 547 2558 Poenos
565 2504 646 2560 Sarra
664 2508 803 2560 oriundos.
822 2534 856 2545 -
891 2516 952 2568 519.
969 2512 1010 2563 Si·

72 2590 103 2627 un
119 2576 236 2627 baccam
259 2575 360 2626 olivam
378 2574 450 2626 dicit.
486 2576 639 2645 Trapetum
660 2578 782 2631 torcular
799 2585 841 2630 eat
858 2578 920 2630 olei.
954 2580 1009 2633 Di·

72 2648 156 2715 regin
173 2644 257 2706 levin
280 2661 297 2696 a
314 2644 394 2697 Dicte
411 2652 508 2696 monte
525 2645 644 2713 Cretae,
666 2645 697 2696 in
719 2662 775 2715 quo
799 2647 932 2699 educatur
948 2665 1009 2703 era-

71 2782 147 2853 ¹unrg.
163 2790 198 2849 3,
214 2790 240 2841 1.
265 2782 303 2833 Te
328 2799 435 2849 quoqne
454 2790 519 2844 etc.;
544 2782 621 2849 Palea
644 2783 696 2835 dea
720 2791 761 2834 est
782 2791 941 2851 pastorum,
963 2787 1009 2839 cui

75 2866 184 2903 eaerum
207 2852 348 2920 apellant
370 2851 486 2915 Parilia,
508 2852 674 2920 transposita
695 2852 791 2914 litera,
815 2869 886 2919 quae
911 2855 934 2905 si
958 2870 1009 2906 auo

71 2928 149 2987 uret,
170 2870 266 2973 Palilia
289 2920 380 2987 potina
402 2921 577 2981 ‹licerentur;
601 2921 648 2989 qui
672 2920 729 2972 dica
752 2922 850 2972 natalia
874 2931 915 2972 eat
932 2924 1009 2977 urbia

70 3004 100 3055 e,
115 3006 185 3058 quae
201 3008 218 3043 a
235 2989 390 3059 pastoribus
407 2996 449 3041 est
465 2988 583 3040 condita.
617 2990 702 3040 Huius
719 2997 827 3054 autem,
844 2991 921 3041 cuius
938 2992 1008 3047 deae

84 3060 168 3111 etiam
190 3060 260 3111 ritus
281 3058 411 3111 declarat.
451 3058 523 3107 Nam
549 3066 577 3110 et
599 3058 677 3125 ignca
693 3058 863 3123 transiliunt,
887 3062 1009 3114 accensit

70 3128 148 3193 entia,
171 3144 251 3180 more
268 3127 385 3196 agraeti;
409 3125 448 3177 ibi
472 3127 546 3177 lmnc
564 3126 639 3178 diem
663 3127 798 3193 colenter,
820 3128 891 3179 lacte
911 3129 1009 3198 libant,

69 3204 146 3248 uetur
163 3213 196 3249 er
210 3213 312 3267 pecore
328 3195 442 3247 tollitur.
475 3195 642 3264 Amphrysus
659 3196 766 3247 llumen
784 3204 824 3247 est
842 3197 1010 3266 Thessaliae,

74 3266 221 3333 regionem
257 3265 378 3319 uandam
394 3262 505 3331 Molyni
529 3265 666 3329 incolunt,
691 3280 810 3333 quorum
835 3282 884 3318 rex
904 3268 958 3320 fuit
973 3271 1009 3321 A·

72 3333 224 3389 ornaretis
272 3336 324 3399 ua,
340 3333 417 3385 cuius
435 3349 536 3398 pecora
555 3341 582 3382 et
599 3342 725 3385 armenta
743 3334 839 3402 Apollo
856 3337 939 3404 pavit,
954 3337 1011 3391 ine,

71 3404 178 3455 triendi
200 3402 367 3455 contumelia
390 3402 487 3452 decem
511 3403 589 3454 annis
612 3402 689 3454 luere
718 3403 923 3473 temeritatem,
952 3422 1010 3476 qua

69 3486 109 3525 tat
123 3472 298 3541 perdiderat,
314 3472 362 3541 qui
378 3470 483 3522 fulmen
501 3473 638 3535 fecerant,
660 3472 726 3539 quia
741 3472 956 3540 indignabantur
973 3492 1008 3528 eo

68 3554 135 3593 unm
151 3542 315 3612 Arclepium.
349 3541 375 3591 le
393 3555 461 3605 ergo
483 3540 592 3592 invocat
607 3557 673 3593 eum
696 3558 761 3592 cum
777 3542 851 3596 Pale.
884 3544 1008 3612 Lycaeo·

73 3610 207 3665 Arcadiae
228 3608 365 3679 regionis,
389 3624 460 3676 quae
484 3626 617 3678 pecorum
640 3611 792 3681 praecipue
814 3620 857 3663 ert
878 3612 1008 3665 studione.

68 3674 143 3733 lbeua
160 3678 214 3731 luit
229 3695 286 3745 rex,
303 3678 381 3731 cuiue
397 3680 436 3729 im
459 3678 517 3729 erio
529 3678 660 3731 Hercules
674 3680 862 3733 intolerabilia
872 3680 907 3733 sti
961 3680 1009 3735 din

71 3748 110 3799 lit.
142 3746 260 3813 Busiris,
282 3746 407 3815 Neptuni
422 3694 508 3809 filino,
529 3764 577 3800 rex
593 3749 791 3816 Aegyptiorum
807 3750 906 3814 ibim
926 3765 1008 3802 venat

67 3826 90 3867 ta
104 3814 250 3871 immolare
266 3816 370 3879 aolitru,
385 3832 468 3885 quam
481 3817 613 3868 Herculea
627 3818 776 3871 interiecit.
809 3818 891 3886 Hylae
905 3818 1006 3871 Theio-

67 3886 112 3939 rtia
128 3886 212 3951 filine,
235 3885 380 3956 Dryopum
396 3902 427 3937 re
451 3884 484 3950 ἐ,
507 3901 626 3952 qnorum
649 3902 718 3955 gena
735 3886 857 3941 subiecta
873 3887 1006 3939 Pamaaan

67 3956 128 4025 qui,
151 3964 231 4026 patra
254 3954 401 4007 interfecto
444 3954 565 4005 erculem
590 3965 698 4007 recator
718 3956 808 4007 studio
825 3955 884 4007 eiua
901 3955 1007 4009 virtuti:

67 4036 164 4091 acron
178 4040 213 4079 ea
227 4024 365 4080 comitatu
380 4024 604 4094 Argonautarum
619 4026 651 4081 in
665 4025 756 4097 Mysia
771 4025 903 4079 Heroides
917 4040 1007 4080 recer-
