2288 4514
184 293 186 297 ·
233 290 270 337 us
290 269 471 334 VIRGILll
493 266 720 345 sueonos.
870 256 879 275 ⁸
955 272 999 337 95

62 428 992 482 m

165 1201 325 1274 neoni
353 1175 510 1272 sanun
536 1192 789 1268 Honorum

290 1342 294 1359 ·
359 1389 596 1445 chamoam

106 1572 490 1682 v'1nc1L11
556 1540 993 1677 nucomca
1065 1634 1068 1642 a

204 1851 743 1946 COMMENTARIUS.

376 2117 563 2157 *aff*

59 2397 126 2464 lica,
147 2401 180 2448 ut
201 2394 309 2460 ierunt,
331 2391 406 2446 dicta
428 2408 446 2444 s
468 2389 591 2443 custodia
615 2389 718 2458 boum,
739 2391 777 2462 [i.
799 2391 836 2461 a]
857 2391 914 2450 ἆπδ
935 2395 992 2453 τῶν

59 2486 99 2522 m.
139 2464 291 2534 Praecipua
320 2461 397 2516 enim
421 2468 485 2513 sunt
506 2460 639 2513 animalia
661 2460 735 2532 apud
762 2466 877 2517 rusticos
901 2467 992 2523 boves.

70 2542 167 2588 autem
194 2533 328 2585 carminis
357 2531 437 2596 origo
460 2529 535 2582 varin
559 2538 606 2598 est.
646 2531 720 2582 Nam
750 2533 798 2584 olii
820 2535 928 2603 dicunt,
956 2554 991 2591 eo

58 2623 95 2670 a,
125 2618 182 2670 quo
205 2601 321 2662 Xerxes,
349 2598 496 2651 Persarum
521 2614 585 2662 rer,
608 2598 711 2667 invasit
732 2600 895 2668 Graeciam,
925 2621 990 2657 cum

72 2674 149 2726 intra
172 2685 267 2721 muros
288 2669 422 2732 laterent,
452 2682 504 2718 nec
534 2676 646 2734 possent
676 2683 756 2720 more
779 2670 860 2722 solito
882 2671 989 2728 Dionae

58 2739 182 2795 sersolvi:
199 2738 356 2807 pervenisse
373 2736 408 2788 ad
424 2743 532 2787 montes
549 2735 675 2789 Laconas
692 2735 821 2802 rusticos,
839 2740 912 2791 etin
931 2743 990 2795 eius

58 2807 91 2861 'm
113 2807 233 2876 hymnos
255 2806 366 2858 dixisse:
391 2804 463 2855 unde
485 2810 583 2856 natum
607 2821 721 2858 carmen
738 2804 898 2859 Bucolicum
915 2820 989 2863 aetas

58 2894 91 2929 or
107 2876 237 2928 elimavit.
270 2875 323 2929 elii
339 2874 448 2937 dicunt,
472 2871 601 2924 Orestem
619 2889 684 2924 cum
700 2873 806 2927 Dianae
824 2876 991 2932 Fascelitidis

58 2960 132 2998 :rum
155 2953 268 3013 raptum
292 2958 322 2996 ex
339 2941 373 2992 Sc
403 2941 449 2995 hia
472 2940 634 3004 adveheret,
657 2950 687 2994 et
711 2941 746 2993 ad
770 2941 892 2996 Siciliam
918 2956 990 3002 esset

58 3022 116 3066 tate
145 3014 265 3077 delatus,
295 3017 433 3080 competo
462 3016 545 3060 anno'
566 3010 674 3069 Dianae
704 3011 806 3062 festum
836 3014 990 3071 celebrasse

58 3103 78 3147 ι,
100 3081 222 3134 collectis
238 3079 328 3132 nautis
344 3079 413 3141 suis,
437 3085 466 3130 et
488 3078 625 3146 aliquibus
648 3077 801 3148 pastoribus
818 3087 988 3139 convocatis:

58 3152 96 3205 ¹cle
121 3150 303 3219 permansisse
327 3145 399 3217 apud
421 3147 536 3197 rusticos
559 3147 650 3213 (hanc)
668 3149 902 3206 consuetudinem.
935 3154 989 3208 Alii

58 3224 142 3282 lanae,
159 3219 206 3271 sed
223 3214 342 3288 Apollini
358 3214 459 3266 Nomio
476 3223 666 3267 consecratum
684 3231 799 3270 carmen
815 3218 870 3272 hoc
886 3222 989 3290 volunt,

59 3304 161 3359 mpore
177 3285 285 3338 Admeti
308 3283 385 3351 regis
407 3283 481 3353 pavit
497 3292 632 3335 armenta.
665 3283 718 3335 Alii
743 3287 850 3340 rusticis
866 3292 988 3343 numini·

57 3355 210 3426 pastoribus
228 3355 348 3405 dicatum
367 3352 420 3404 lroc
438 3360 563 3404 asserunt
579 3368 707 3416 carmen,
733 3362 764 3405 ut
779 3355 862 3424 Pani,
879 3359 989 3425 Faunis,

57 3427 87 3476 ris
104 3439 138 3475 ac
155 3422 269 3491 Satyris3
293 3429 322 3472 et
343 3421 389 3472 hic
407 3428 448 3473 est
471 3420 552 3472 huius
576 3421 708 3475 carminis
729 3423 831 3478 titulus.
865 3427 987 3496 Qualitas

68 3494 140 3545 haec
163 3499 216 3544 ast:
247 3489 352 3541 scilicet
381 3489 493 3541 humilis
524 3489 676 3541 character.
720 3491 790 3544 Tres
814 3494 892 3547 enim
923 3505 987 3548 sunt

57 3558 151 3625 etstan]
167 3559 295 3621 lnunilis,
319 3558 441 3621 medius,
457 3558 665 3625 grandiloquus:
690 3575 758 3628 quos
775 3577 870 3615 omnes
886 3564 916 3618 in
932 3565 987 3618 hoe

57 3646 105 3682 nus
129 3636 218 3698 poeta.
252 3628 325 3678 Nam
349 3628 378 3678 in
396 3625 516 3677 Aeneide
533 3625 746 3695 grandiloquum
762 3629 861 3684 habet:
883 3633 914 3685 in
931 3632 986 3686 Ge-

69 3697 206 3749 madium:
223 3696 253 3748 in
269 3696 405 3746 Bucolicis
421 3694 566 3757 humilem,
584 3710 634 3760 pro
652 3697 784 3763 qualitate
801 3701 986 3768 negotiorum,

57 3781 191 3818 sonarum.
239 3765 311 3817 Nam
335 3780 469 3831 personae
494 3763 540 3817 hic
563 3764 683 3816 rusticae
705 3773 783 3831 sunt,
811 3769 986 3838 simplicitate

57 3842 116 3887 ses:
131 3851 149 3886 a
166 3834 266 3903 quibus
282 3833 352 3885 nihil
367 3831 455 3883 altum
472 3829 555 3883 debet
570 3831 686 3900 requiri.
719 3835 872 3889 Adhibetur
890 3846 986 3891 nutem
1044 3878 1047 3883 .

56 3919 117 3961 me„
141 3901 313 3956 bucolicum.
337 3900 409 3966 qnod
429 3898 510 3952 debet
532 3907 631 3967 quarto
657 3901 727 3967 pede
750 3904 905 3958 terminare
921 3911 1006 3976 par-⁴

56 3970 166 4023 ationis.
199 3969 253 4037 Qui
270 3969 357 4037 pessi
381 3969 416 4019 sit
432 3968 568 4038 dactylus,
589 3968 737 4021 meliorem
760 3972 845 4024 efficit
860 3989 984 4027 versum:

56 4055 81 4090 rs
96 4041 208 4105 patrios
219 4035 312 4109 fines,
332 4050 360 4089 et
377 4036 485 4088 dulcia.
519 4034 629 4089 Primus
653 4037 738 4091 etiam
763 4056 812 4110 pes
828 4043 983 4103 secundum
