<?xml version="1.0" encoding="UTF-8"?>
<!DOCTYPE html PUBLIC "-//W3C//DTD XHTML 1.0 Transitional//EN"
    "http://www.w3.org/TR/xhtml1/DTD/xhtml1-transitional.dtd">
<html xmlns="http://www.w3.org/1999/xhtml" xml:lang="en" lang="en">
 <head>
  <title>
</title>
<meta http-equiv="Content-Type" content="text/html;charset=utf-8" />
  <meta name='ocr-system' content='tesseract 3.04.00' />
  <meta name='ocr-capabilities' content='ocr_page ocr_carea ocr_par ocr_line ocrx_word'/>
</head>
<body>
  <div class='ocr_page' id='page_1' title='image "./commentariiinvi01servgoog_0082.png"; bbox 0 0 2424 4506; ppageno 0'>
   <div class='ocr_carea' id='block_1_1' title="bbox 105 244 1078 365">
    <p class='ocr_par' dir='ltr' id='par_1_1' title="bbox 105 244 1078 365">
     <span class='ocr_line' id='line_1_1' title="bbox 105 244 1078 365; baseline 0.01 -32"><span class='ocrx_word' id='word_1_1' title='bbox 105 342 111 355; x_wconf 56' lang='grc'>,</span> <span class='ocrx_word' id='word_1_2' title='bbox 139 291 177 334; x_wconf 74' lang='lat' dir='ltr'><strong>m</strong></span> <span class='ocrx_word' id='word_1_3' title='bbox 200 271 362 334; x_wconf 74' lang='lat' dir='ltr'><strong>naum</strong></span> <span class='ocrx_word' id='word_1_4' title='bbox 384 269 557 334; x_wconf 78' lang='lat' dir='ltr'><strong>suumn</strong></span> <span class='ocrx_word' id='word_1_5' title='bbox 580 244 664 333; x_wconf 61' lang='lat' dir='ltr'><strong>uu(</strong></span> <span class='ocrx_word' id='word_1_6' title='bbox 681 270 755 350; x_wconf 72' lang='lat' dir='ltr'><strong>xu,</strong></span> <span class='ocrx_word' id='word_1_7' title='bbox 769 248 991 365; x_wconf 71' lang='lat' dir='ltr'><strong>sir-em</strong></span> <span class='ocrx_word' id='word_1_8' title='bbox 1035 277 1078 343; x_wconf 81' lang='lat'><strong>73</strong></span> 
     </span>
    </p>
   </div>
   <div class='ocr_carea' id='block_1_2' title="bbox 10 456 1168 4114">
    <p class='ocr_par' dir='ltr' id='par_1_2' title="bbox 42 456 1149 1284">
     <span class='ocr_line' id='line_1_2' title="bbox 43 456 1078 527; baseline 0.001 -17"><span class='ocrx_word' id='word_1_9' title='bbox 43 456 150 510; x_wconf 63' lang='lat' dir='ltr'><strong>&#39;lroieni</strong></span> <span class='ocrx_word' id='word_1_10' title='bbox 166 458 373 526; x_wconf 76' lang='lat' dir='ltr'><strong>exploratorem</strong></span> <span class='ocrx_word' id='word_1_11' title='bbox 390 473 475 527; x_wconf 74' lang='lat' dir='ltr'><strong>&lt;prem</strong></span> <span class='ocrx_word' id='word_1_12' title='bbox 492 457 528 509; x_wconf 82' lang='lat' dir='ltr'><strong>ed</strong></span> <span class='ocrx_word' id='word_1_13' title='bbox 541 464 631 509; x_wconf 84' lang='lat' dir='ltr'><strong>castra</strong></span> <span class='ocrx_word' id='word_1_14' title='bbox 643 456 819 509; x_wconf 79' lang='lat' dir='ltr'><strong>Graecorum</strong></span> <span class='ocrx_word' id='word_1_15' title='bbox 836 458 982 511; x_wconf 83' lang='lat' dir='ltr'><strong>mitterent</strong></span> <span class='ocrx_word' id='word_1_16' title='bbox 994 458 1078 527; x_wconf 53' lang='lat' dir='ltr'><strong>miae·</strong></span> 
     </span>
     <span class='ocr_line' id='line_1_3' title="bbox 46 526 1078 596; baseline 0 -18"><span class='ocrx_word' id='word_1_17' title='bbox 46 536 144 592; x_wconf 82' lang='lat' dir='ltr'><strong>terent,</strong></span> <span class='ocrx_word' id='word_1_18' title='bbox 167 527 216 580; x_wconf 85' lang='lat' dir='ltr'><strong>hic</strong></span> <span class='ocrx_word' id='word_1_19' title='bbox 232 528 325 579; x_wconf 91' lang='lat' dir='ltr'><strong>Dolon</strong></span> <span class='ocrx_word' id='word_1_20' title='bbox 342 527 515 596; x_wconf 79' lang='lat' dir='ltr'><strong>exploratum</strong></span> <span class='ocrx_word' id='word_1_21' title='bbox 532 527 620 578; x_wconf 85' lang='lat' dir='ltr'><strong>seire</strong></span> <span class='ocrx_word' id='word_1_22' title='bbox 639 527 753 591; x_wconf 89' lang='lat' dir='ltr'><strong>obtulit,</strong></span> <span class='ocrx_word' id='word_1_23' title='bbox 776 527 799 576; x_wconf 91' lang='lat' dir='ltr'><strong>si</strong></span> <span class='ocrx_word' id='word_1_24' title='bbox 816 526 869 578; x_wconf 81' lang='lat' dir='ltr'><strong>tibi</strong></span> <span class='ocrx_word' id='word_1_25' title='bbox 887 528 950 595; x_wconf 79' lang='lat' dir='ltr'><strong>eqni</strong></span> <span class='ocrx_word' id='word_1_26' title='bbox 968 528 1078 580; x_wconf 77' lang='lat' dir='ltr'><strong>Achillis</strong></span> 
     </span>
     <span class='ocr_line' id='line_1_4' title="bbox 43 594 1079 665; baseline 0.004 -19"><span class='ocrx_word' id='word_1_27' title='bbox 43 612 86 665; x_wconf 80' lang='lat' dir='ltr'><strong>pro</strong></span> <span class='ocrx_word' id='word_1_28' title='bbox 102 594 231 664; x_wconf 76' lang='lat' dir='ltr'><strong>praemio</strong></span> <span class='ocrx_word' id='word_1_29' title='bbox 248 597 399 660; x_wconf 79' lang='lat' dir='ltr'><strong>darentur,</strong></span> <span class='ocrx_word' id='word_1_30' title='bbox 423 595 479 664; x_wconf 88' lang='lat' dir='ltr'><strong>qui.</strong></span> <span class='ocrx_word' id='word_1_31' title='bbox 495 612 560 646; x_wconf 90' lang='lat' dir='ltr'><strong>cum</strong></span> <span class='ocrx_word' id='word_1_32' title='bbox 584 595 664 660; x_wconf 86' lang='lat' dir='ltr'><strong>isset,</strong></span> <span class='ocrx_word' id='word_1_33' title='bbox 691 596 784 645; x_wconf 86' lang='lat' dir='ltr'><strong>obvios</strong></span> <span class='ocrx_word' id='word_1_34' title='bbox 808 594 907 647; x_wconf 84' lang='lat' dir='ltr'><strong>habuit</strong></span> <span class='ocrx_word' id='word_1_35' title='bbox 922 597 1079 650; x_wconf 79' lang='lat' dir='ltr'>Diomeden</span> 
     </span>
     <span class='ocr_line' id='line_1_5' title="bbox 49 663 1079 732; baseline 0.001 -17"><span class='ocrx_word' id='word_1_36' title='bbox 49 665 186 718; x_wconf 81' lang='lat' dir='ltr'><strong>etUlixen</strong></span> <span class='ocrx_word' id='word_1_37' title='bbox 210 665 338 717; x_wconf 64' lang='lat' dir='ltr'><strong>similiter</strong></span> <span class='ocrx_word' id='word_1_38' title='bbox 362 664 547 732; x_wconf 78' lang='lat' dir='ltr'><strong>exploratores</strong></span> <span class='ocrx_word' id='word_1_39' title='bbox 576 665 672 713; x_wconf 83' lang='lat' dir='ltr'><strong>missos</strong></span> <span class='ocrx_word' id='word_1_40' title='bbox 696 663 732 715; x_wconf 92' lang='lat' dir='ltr'><strong>ad</strong></span> <span class='ocrx_word' id='word_1_41' title='bbox 761 672 851 715; x_wconf 79' lang='lat' dir='ltr'><strong>castra</strong></span> <span class='ocrx_word' id='word_1_42' title='bbox 875 665 1079 728; x_wconf 71' lang='lat' dir='ltr'><strong>Troiana,.ca-</strong></span> 
     </span>
     <span class='ocr_line' id='line_1_6' title="bbox 49 728 1080 803; baseline -0.002 -17"><span class='ocrx_word' id='word_1_43' title='bbox 49 740 152 803; x_wconf 68' lang='lat' dir='ltr'><strong>piosque</strong></span> <span class='ocrx_word' id='word_1_44' title='bbox 170 733 259 786; x_wconf 83' lang='lat' dir='ltr'><strong>abseii</strong></span> <span class='ocrx_word' id='word_1_45' title='bbox 275 741 303 784; x_wconf 83' lang='lat' dir='ltr'><strong>et</strong></span> <span class='ocrx_word' id='word_1_46' title='bbox 319 735 334 766; x_wconf 86' lang='lat'>*</span> <span class='ocrx_word' id='word_1_47' title='bbox 350 733 496 785; x_wconf 88' lang='lat' dir='ltr'><strong>tormentis</strong></span> <span class='ocrx_word' id='word_1_48' title='bbox 514 728 694 784; x_wconf 67' lang='lat' dir='ltr'><strong>constitueret</strong></span> <span class='ocrx_word' id='word_1_49' title='bbox 711 731 837 799; x_wconf 78' lang='lat' dir='ltr'><strong>adactus,</strong></span> <span class='ocrx_word' id='word_1_50' title='bbox 857 738 966 802; x_wconf 77' lang='lat' dir='ltr'><strong>(captq.</strong></span> <span class='ocrx_word' id='word_1_51' title='bbox 983 734 1019 785; x_wconf 82' lang='lat' dir='ltr'><strong>eb</strong></span> <span class='ocrx_word' id='word_1_52' title='bbox 1036 734 1080 798; x_wconf 88' lang='lat' dir='ltr'><strong>iis,</strong></span> 
     </span>
     <span class='ocr_line' id='line_1_7' title="bbox 42 802 1137 872; baseline 0.001 -20"><span class='ocrx_word' id='word_1_53' title='bbox 42 809 71 852; x_wconf 82' lang='lat' dir='ltr'><strong>&#39;et</strong></span> <span class='ocrx_word' id='word_1_54' title='bbox 88 810 170 853; x_wconf 87' lang='lat' dir='ltr'><strong>torm.</strong></span> <span class='ocrx_word' id='word_1_55' title='bbox 198 803 311 854; x_wconf 85' lang='lat' dir='ltr'><strong>adactus</strong></span> <span class='ocrx_word' id='word_1_56' title='bbox 336 802 509 872; x_wconf 73' lang='lat' dir='ltr'><strong>exposuerat)</strong></span> <span class='ocrx_word' id='word_1_57' title='bbox 533 809 592 851; x_wconf 82' lang='lat' dir='ltr'><strong>tam</strong></span> <span class='ocrx_word' id='word_1_58' title='bbox 616 802 730 867; x_wconf 80' lang='lat' dir='ltr'><strong>consilia</strong></span> <span class='ocrx_word' id='word_1_59' title='bbox 753 802 951 853; x_wconf 84' lang='lat' dir='ltr'><strong>Troianorum</strong></span> <span class='ocrx_word' id='word_1_60' title='bbox 966 803 1080 870; x_wconf 77' lang='lat' dir='ltr'><strong>Tyrresi</strong></span> <span class='ocrx_word' id='word_1_61' title='bbox 1134 802 1137 812; x_wconf 62' lang='lat'>¹</span> 
     </span>
     <span class='ocr_line' id='line_1_8' title="bbox 53 870 1080 938; baseline 0.001 -17"><span class='ocrx_word' id='word_1_62' title='bbox 53 873 133 938; x_wconf 76' lang='lat' dir='ltr'><strong>(pram</strong></span> <span class='ocrx_word' id='word_1_63' title='bbox 150 870 255 932; x_wconf 83' lang='lat' dir='ltr'>Rhesi)</span> <span class='ocrx_word' id='word_1_64' title='bbox 273 873 434 936; x_wconf 74' lang='lat' dir='ltr'><strong>adventrum,</strong></span> <span class='ocrx_word' id='word_1_65' title='bbox 452 872 499 938; x_wconf 88' lang='lat' dir='ltr'><strong>qui</strong></span> <span class='ocrx_word' id='word_1_66' title='bbox 518 886 601 937; x_wconf 89' lang='lat' dir='ltr'><strong>equos</strong></span> <span class='ocrx_word' id='word_1_67' title='bbox 619 870 732 920; x_wconf 82' lang='lat' dir='ltr'><strong>falcatos</strong></span> <span class='ocrx_word' id='word_1_68' title='bbox 750 870 865 937; x_wconf 77' lang='lat' dir='ltr'><strong>(fatales)</strong></span> <span class='ocrx_word' id='word_1_69' title='bbox 883 872 1033 925; x_wconf 86' lang='lat' dir='ltr'><strong>adduxerat</strong></span> <span class='ocrx_word' id='word_1_70' title='bbox 1048 873 1080 922; x_wconf 88' lang='lat' dir='ltr'><strong>in</strong></span> 
     </span>
     <span class='ocr_line' id='line_1_9' title="bbox 53 939 1078 1007; baseline 0.002 -18"><span class='ocrx_word' id='word_1_71' title='bbox 53 940 167 992; x_wconf 81' lang='lat' dir='ltr'><strong>auxilium</strong></span> <span class='ocrx_word' id='word_1_72' title='bbox 180 940 380 1004; x_wconf 79' lang='lat' dir='ltr'><strong>Troianorum,</strong></span> <span class='ocrx_word' id='word_1_73' title='bbox 397 956 482 1007; x_wconf 87' lang='lat' dir='ltr'><strong>quem</strong></span> <span class='ocrx_word' id='word_1_74' title='bbox 495 939 645 991; x_wconf 86' lang='lat' dir='ltr'><strong>Diomedes</strong></span> <span class='ocrx_word' id='word_1_75' title='bbox 664 946 692 990; x_wconf 89' lang='lat' dir='ltr'><strong>et</strong></span> <span class='ocrx_word' id='word_1_76' title='bbox 706 940 795 990; x_wconf 85' lang='lat' dir='ltr'><strong>Ulixes</strong></span> <span class='ocrx_word' id='word_1_77' title='bbox 810 941 931 990; x_wconf 84' lang='lat' dir='ltr'><strong>vinctum</strong></span> <span class='ocrx_word' id='word_1_78' title='bbox 946 941 981 991; x_wconf 87' lang='lat' dir='ltr'><strong>ad</strong></span> <span class='ocrx_word' id='word_1_79' title='bbox 998 941 1078 991; x_wconf 86' lang='lat' dir='ltr'><strong>arbo·</strong></span> 
     </span>
     <span class='ocr_line' id='line_1_10' title="bbox 53 1007 1141 1077; baseline 0 -18"><span class='ocrx_word' id='word_1_80' title='bbox 53 1020 100 1059; x_wconf 83' lang='lat' dir='ltr'><strong>tem</strong></span> <span class='ocrx_word' id='word_1_81' title='bbox 110 1010 300 1077; x_wconf 83' lang='lat' dir='ltr'><strong>relinquentes</strong></span> <span class='ocrx_word' id='word_1_82' title='bbox 322 1009 440 1076; x_wconf 82' lang='lat' dir='ltr'><strong>profecti</strong></span> <span class='ocrx_word' id='word_1_83' title='bbox 452 1009 488 1060; x_wconf 85' lang='lat' dir='ltr'><strong>ad</strong></span> <span class='ocrx_word' id='word_1_84' title='bbox 501 1016 591 1059; x_wconf 85' lang='lat' dir='ltr'><strong>castra</strong></span> <span class='ocrx_word' id='word_1_85' title='bbox 605 1007 728 1059; x_wconf 87' lang='lat' dir='ltr'><strong>Troiana</strong></span> <span class='ocrx_word' id='word_1_86' title='bbox 742 1008 831 1059; x_wconf 86' lang='lat' dir='ltr'><strong>occiso</strong></span> <span class='ocrx_word' id='word_1_87' title='bbox 846 1008 937 1065; x_wconf 81' lang='lat' dir='ltr'><strong>Rheso</strong></span> <span class='ocrx_word' id='word_1_88' title='bbox 954 1010 1079 1062; x_wconf 84' lang='lat' dir='ltr'><strong>abductis</strong></span> <span class='ocrx_word' id='word_1_89' title='bbox 1134 1012 1141 1023; x_wconf 96' lang='lat'><em>&#39;</em></span> 
     </span>
     <span class='ocr_line' id='line_1_11' title="bbox 49 1075 1149 1145; baseline 0.002 -20"><span class='ocrx_word' id='word_1_90' title='bbox 49 1078 116 1145; x_wconf 74' lang='lat' dir='ltr'><strong>equis</strong></span> <span class='ocrx_word' id='word_1_91' title='bbox 132 1076 283 1130; x_wconf 88' lang='lat' dir='ltr'><strong>redeuntes</strong></span> <span class='ocrx_word' id='word_1_92' title='bbox 301 1079 468 1129; x_wconf 87' lang='lat' dir='ltr'><strong>occiderunt.</strong></span> <span class='ocrx_word' id='word_1_93' title='bbox 505 1078 591 1128; x_wconf 88' lang='lat' dir='ltr'><strong>Huius</strong></span> <span class='ocrx_word' id='word_1_94' title='bbox 614 1075 701 1126; x_wconf 83' lang='lat' dir='ltr'><strong>filium</strong></span> <span class='ocrx_word' id='word_1_95' title='bbox 718 1092 793 1127; x_wconf 89' lang='lat' dir='ltr'><strong>nunc</strong></span> <span class='ocrx_word' id='word_1_96' title='bbox 818 1078 891 1129; x_wconf 87' lang='lat' dir='ltr'><strong>iuter</strong></span> <span class='ocrx_word' id='word_1_97' title='bbox 910 1079 1044 1130; x_wconf 81' lang='lat' dir='ltr'><strong>Troianos</strong></span> <span class='ocrx_word' id='word_1_98' title='bbox 1060 1095 1080 1130; x_wconf 89' lang='lat' dir='ltr'><strong>a</strong></span> <span class='ocrx_word' id='word_1_99' title='bbox 1145 1114 1149 1127; x_wconf 82' lang='grc'><em>,</em></span> 
     </span>
     <span class='ocr_line' id='line_1_12' title="bbox 54 1139 1078 1215; baseline -0.002 -17"><span class='ocrx_word' id='word_1_100' title='bbox 54 1140 133 1198; x_wconf 72' lang='lat' dir='ltr'><strong>&#39;furno</strong></span> <span class='ocrx_word' id='word_1_101' title='bbox 148 1146 218 1198; x_wconf 85' lang='lat' dir='ltr'><strong>dicit</strong></span> <span class='ocrx_word' id='word_1_102' title='bbox 234 1147 416 1212; x_wconf 85' lang='lat' dir='ltr'><strong>occisum.]-</strong></span> <span class='ocrx_word' id='word_1_103' title='bbox 453 1152 514 1203; x_wconf 82' lang='lat'>350.</span> <span class='ocrx_word' id='word_1_104' title='bbox 532 1147 627 1195; x_wconf 85' lang='lat' dir='ltr'><strong>Ausus</strong></span> <span class='ocrx_word' id='word_1_105' title='bbox 643 1139 754 1197; x_wconf 74' lang='lat' dir='ltr'><strong>Pelidae</strong></span> <span class='ocrx_word' id='word_1_106' title='bbox 771 1149 891 1210; x_wconf 84' lang='lat' dir='ltr'><strong>pretium</strong></span> <span class='ocrx_word' id='word_1_107' title='bbox 910 1149 968 1198; x_wconf 85' lang='lat' dir='ltr'><strong>sibi</strong></span> <span class='ocrx_word' id='word_1_108' title='bbox 984 1164 1078 1215; x_wconf 82' lang='lat' dir='ltr'><strong>posce·</strong></span> 
     </span>
     <span class='ocr_line' id='line_1_13' title="bbox 56 1204 1080 1284; baseline 0.004 -21"><span class='ocrx_word' id='word_1_109' title='bbox 56 1231 74 1264; x_wconf 82' lang='lat' dir='ltr'><strong>n</strong></span> <span class='ocrx_word' id='word_1_110' title='bbox 88 1233 188 1267; x_wconf 84' lang='lat' dir='ltr'><strong>currus</strong></span> <span class='ocrx_word' id='word_1_111' title='bbox 194 1235 205 1281; x_wconf 80' lang='lat'><em>3</em></span> <span class='ocrx_word' id='word_1_112' title='bbox 222 1215 340 1268; x_wconf 84' lang='lat' dir='ltr'><strong>difficilis</strong></span> <span class='ocrx_word' id='word_1_113' title='bbox 352 1215 517 1284; x_wconf 77' lang='lat' dir='ltr'><strong>Hypallag03</strong></span> <span class='ocrx_word' id='word_1_114' title='bbox 533 1232 600 1265; x_wconf 86' lang='lat' dir='ltr'><strong>nam</strong></span> <span class='ocrx_word' id='word_1_115' title='bbox 617 1214 671 1264; x_wconf 89' lang='lat' dir='ltr'><strong>hoc</strong></span> <span class='ocrx_word' id='word_1_116' title='bbox 684 1215 741 1264; x_wconf 89' lang='lat' dir='ltr'><strong>vult</strong></span> <span class='ocrx_word' id='word_1_117' title='bbox 753 1215 859 1267; x_wconf 79' lang='lat' dir='ltr'><strong>dicere:</strong></span> <span class='ocrx_word' id='word_1_118' title='bbox 877 1216 931 1282; x_wconf 82' lang='lat' dir='ltr'><strong>Qui</strong></span> <span class='ocrx_word' id='word_1_119' title='bbox 945 1225 974 1266; x_wconf 89' lang='lat' dir='ltr'><strong>ut</strong></span> <span class='ocrx_word' id='word_1_120' title='bbox 988 1204 1080 1271; x_wconf 70' lang='lat' dir='ltr'><strong>Achil-</strong></span> 
     </span>
    </p>

    <p class='ocr_par' dir='ltr' id='par_1_3' title="bbox 10 1280 1080 1560">
     <span class='ocr_line' id='line_1_14' title="bbox 10 1280 1079 1354; baseline 0.004 -21"><span class='ocrx_word' id='word_1_121' title='bbox 10 1296 12 1301; x_wconf 88' lang='lat'>·</span> <span class='ocrx_word' id='word_1_122' title='bbox 54 1280 76 1333; x_wconf 82' lang='lat' dir='ltr'><strong>lit</strong></span> <span class='ocrx_word' id='word_1_123' title='bbox 96 1300 178 1354; x_wconf 80' lang='lat' dir='ltr'><strong>equos</strong></span> <span class='ocrx_word' id='word_1_124' title='bbox 203 1291 296 1354; x_wconf 87' lang='lat' dir='ltr'><strong>posset</strong></span> <span class='ocrx_word' id='word_1_125' title='bbox 319 1286 460 1351; x_wconf 83' lang='lat' dir='ltr'><strong>accipere,</strong></span> <span class='ocrx_word' id='word_1_126' title='bbox 483 1285 525 1335; x_wconf 84' lang='lat' dir='ltr'><strong>ire</strong></span> <span class='ocrx_word' id='word_1_127' title='bbox 550 1298 630 1334; x_wconf 81' lang='lat' dir='ltr'><strong>ausus</strong></span> <span class='ocrx_word' id='word_1_128' title='bbox 655 1291 696 1334; x_wconf 90' lang='lat' dir='ltr'><strong>est</strong></span> <span class='ocrx_word' id='word_1_129' title='bbox 719 1284 755 1334; x_wconf 86' lang='lat' dir='ltr'><strong>ad</strong></span> <span class='ocrx_word' id='word_1_130' title='bbox 778 1293 868 1335; x_wconf 88' lang='lat' dir='ltr'><strong>castra</strong></span> <span class='ocrx_word' id='word_1_131' title='bbox 893 1286 1079 1337; x_wconf 75' lang='lat' dir='ltr'><strong>Graecorum.</strong></span> 
     </span>
     <span class='ocr_line' id='line_1_15' title="bbox 56 1349 1079 1422; baseline 0.002 -19"><span class='ocrx_word' id='word_1_132' title='bbox 56 1349 116 1405; x_wconf 76' lang='lat' dir='ltr'><strong>Ordo</strong></span> <span class='ocrx_word' id='word_1_133' title='bbox 133 1354 212 1406; x_wconf 88' lang='lat' dir='ltr'><strong>enim</strong></span> <span class='ocrx_word' id='word_1_134' title='bbox 228 1368 287 1404; x_wconf 90' lang='lat' dir='ltr'><strong>non</strong></span> <span class='ocrx_word' id='word_1_135' title='bbox 304 1353 443 1422; x_wconf 90' lang='lat' dir='ltr'><strong>procedit,</strong></span> <span class='ocrx_word' id='word_1_136' title='bbox 460 1353 509 1421; x_wconf 87' lang='lat' dir='ltr'><strong>qui</strong></span> <span class='ocrx_word' id='word_1_137' title='bbox 526 1361 557 1402; x_wconf 90' lang='lat' dir='ltr'><strong>ut</strong></span> <span class='ocrx_word' id='word_1_138' title='bbox 573 1353 643 1417; x_wconf 83' lang='lat' dir='ltr'><strong>iret,</strong></span> <span class='ocrx_word' id='word_1_139' title='bbox 661 1369 740 1403; x_wconf 79' lang='lat' dir='ltr'><strong>ausus</strong></span> <span class='ocrx_word' id='word_1_140' title='bbox 759 1360 799 1403; x_wconf 87' lang='lat' dir='ltr'><strong>est</strong></span> <span class='ocrx_word' id='word_1_141' title='bbox 815 1362 920 1422; x_wconf 86' lang='lat' dir='ltr'><strong>petere.</strong></span> <span class='ocrx_word' id='word_1_142' title='bbox 956 1354 1079 1422; x_wconf 83' lang='lat' dir='ltr'><strong>[Currus</strong></span> 
     </span>
     <span class='ocr_line' id='line_1_16' title="bbox 41 1420 1079 1494; baseline 0.002 -22"><span class='ocrx_word' id='word_1_143' title='bbox 41 1422 105 1489; x_wconf 70' lang='lat' dir='ltr'><strong>&#39;terp</strong></span> <span class='ocrx_word' id='word_1_144' title='bbox 119 1437 170 1494; x_wconf 70' lang='lat' dir='ltr'><strong>pro</strong></span> <span class='ocrx_word' id='word_1_145' title='bbox 190 1439 344 1488; x_wconf 85' lang='lat' dir='ltr'><strong>curruum,</strong></span> <span class='ocrx_word' id='word_1_146' title='bbox 367 1439 400 1474; x_wconf 89' lang='lat' dir='ltr'><strong>ao</strong></span> <span class='ocrx_word' id='word_1_147' title='bbox 417 1438 469 1489; x_wconf 88' lang='lat' dir='ltr'><strong>per</strong></span> <span class='ocrx_word' id='word_1_148' title='bbox 486 1422 540 1472; x_wconf 91' lang='lat' dir='ltr'><strong>hoc</strong></span> <span class='ocrx_word' id='word_1_149' title='bbox 559 1438 694 1487; x_wconf 84' lang='lat' dir='ltr'><strong>equorum</strong></span> <span class='ocrx_word' id='word_1_150' title='bbox 712 1420 797 1485; x_wconf 80' lang='lat' dir='ltr'><strong>dixit]</strong></span> <span class='ocrx_word' id='word_1_151' title='bbox 815 1451 846 1460; x_wconf 89' lang='lat'>—</span> <span class='ocrx_word' id='word_1_152' title='bbox 884 1432 945 1480; x_wconf 73' lang='lat'><strong>351.</strong></span> <span class='ocrx_word' id='word_1_153' title='bbox 964 1423 1017 1475; x_wconf 89' lang='lat' dir='ltr'><strong>Pro</strong></span> <span class='ocrx_word' id='word_1_154' title='bbox 1037 1436 1079 1474; x_wconf 86' lang='lat' dir='ltr'><strong>tu-</strong></span> 
     </span>
     <span class='ocr_line' id='line_1_17' title="bbox 55 1480 1080 1560; baseline 0.005 -21"><span class='ocrx_word' id='word_1_155' title='bbox 55 1480 118 1541; x_wconf 72' lang='lat' dir='ltr'><strong>lilus</strong></span> <span class='ocrx_word' id='word_1_156' title='bbox 139 1493 241 1557; x_wconf 78' lang='lat' dir='ltr'><strong>ausis3</strong></span> <span class='ocrx_word' id='word_1_157' title='bbox 264 1485 408 1560; x_wconf 58' lang='lat' dir='ltr'><strong>quaeritur</strong></span> <span class='ocrx_word' id='word_1_158' title='bbox 435 1490 585 1558; x_wconf 79' lang='lat' dir='ltr'><strong>quisente</strong></span> <span class='ocrx_word' id='word_1_159' title='bbox 608 1490 683 1540; x_wconf 85' lang='lat' dir='ltr'><strong>huno</strong></span> <span class='ocrx_word' id='word_1_160' title='bbox 707 1494 789 1541; x_wconf 81' lang='lat' dir='ltr'><strong>ausis</strong></span> <span class='ocrx_word' id='word_1_161' title='bbox 815 1491 931 1543; x_wconf 83' lang='lat' dir='ltr'><strong>dixerit?</strong></span> <span class='ocrx_word' id='word_1_162' title='bbox 948 1517 983 1529; x_wconf 90' lang='lat'><em>-</em></span> <span class='ocrx_word' id='word_1_163' title='bbox 1017 1501 1080 1550; x_wconf 79' lang='lat'><strong>352.</strong></span> 
     </span>
    </p>

    <p class='ocr_par' dir='ltr' id='par_1_4' title="bbox 10 1556 1080 1770">
     <span class='ocr_line' id='line_1_18' title="bbox 10 1556 1080 1629; baseline 0.002 -19"><span class='ocrx_word' id='word_1_164' title='bbox 10 1592 12 1599; x_wconf 92' lang='lat'>·</span> <span class='ocrx_word' id='word_1_165' title='bbox 58 1557 141 1627; x_wconf 69' lang='lat' dir='ltr'><strong>dffecit</strong></span> <span class='ocrx_word' id='word_1_166' title='bbox 158 1562 266 1626; x_wconf 79' lang='lat' dir='ltr'><strong>pretio;</strong></span> <span class='ocrx_word' id='word_1_167' title='bbox 285 1561 369 1613; x_wconf 87' lang='lat' dir='ltr'><strong>modo</strong></span> <span class='ocrx_word' id='word_1_168' title='bbox 387 1577 478 1627; x_wconf 80' lang='lat' dir='ltr'><strong>poena</strong></span> <span class='ocrx_word' id='word_1_169' title='bbox 496 1556 673 1626; x_wconf 79' lang='lat' dir='ltr'><strong>[significet,]</strong></span> <span class='ocrx_word' id='word_1_170' title='bbox 696 1575 764 1610; x_wconf 84' lang='lat' dir='ltr'><strong>nam</strong></span> <span class='ocrx_word' id='word_1_171' title='bbox 780 1564 901 1626; x_wconf 85' lang='lat' dir='ltr'><strong>pretium</strong></span> <span class='ocrx_word' id='word_1_172' title='bbox 920 1557 975 1612; x_wconf 77' lang='grc' dir='ltr'><strong>τῶν</strong></span> <span class='ocrx_word' id='word_1_173' title='bbox 991 1565 1080 1629; x_wconf 73' lang='grc' dir='ltr'>μέσων</span> 
     </span>
     <span class='ocr_line' id='line_1_19' title="bbox 58 1628 1079 1701; baseline 0.001 -22"><span class='ocrx_word' id='word_1_174' title='bbox 58 1636 94 1679; x_wconf 73' lang='lat' dir='ltr'><strong>st</strong></span> <span class='ocrx_word' id='word_1_175' title='bbox 126 1630 296 1698; x_wconf 80' lang='lat' dir='ltr'><strong>[Terentius</strong></span> <span class='ocrx_word' id='word_1_176' title='bbox 322 1630 421 1701; x_wconf 68' lang='lat' dir='ltr'><strong>(Andr.</strong></span> <span class='ocrx_word' id='word_1_177' title='bbox 439 1636 473 1692; x_wconf 81' lang='grc'><strong>-3,</strong></span> <span class='ocrx_word' id='word_1_178' title='bbox 493 1637 523 1691; x_wconf 82' lang='lat'><strong>5,</strong></span> <span class='ocrx_word' id='word_1_179' title='bbox 540 1628 599 1690; x_wconf 76' lang='lat'><strong>4.):</strong></span> <span class='ocrx_word' id='word_1_180' title='bbox 623 1628 698 1694; x_wconf 81' lang='lat' dir='ltr'><strong>Ergo</strong></span> <span class='ocrx_word' id='word_1_181' title='bbox 723 1632 844 1695; x_wconf 77' lang='lat' dir='ltr'><strong>pretium</strong></span> <span class='ocrx_word' id='word_1_182' title='bbox 870 1632 902 1680; x_wconf 79' lang='lat' dir='ltr'><strong>ob</strong></span> <span class='ocrx_word' id='word_1_183' title='bbox 929 1634 1079 1682; x_wconf 79' lang='lat' dir='ltr'><strong>stultitiam</strong></span> 
     </span>
     <span class='ocr_line' id='line_1_20' title="bbox 55 1694 1078 1770; baseline 0.006 -22"><span class='ocrx_word' id='word_1_184' title='bbox 55 1694 112 1763; x_wconf 67' lang='lat' dir='ltr'><strong>irre.</strong></span> <span class='ocrx_word' id='word_1_185' title='bbox 142 1696 224 1750; x_wconf 86' lang='lat' dir='ltr'><strong>Unde</strong></span> <span class='ocrx_word' id='word_1_186' title='bbox 241 1705 271 1749; x_wconf 90' lang='lat' dir='ltr'><strong>et</strong></span> <span class='ocrx_word' id='word_1_187' title='bbox 287 1697 389 1751; x_wconf 79' lang='lat' dir='ltr'><strong>Graeci</strong></span> <span class='ocrx_word' id='word_1_188' title='bbox 405 1700 554 1766; x_wconf 71' lang='grc' dir='ltr'><strong><em>τιμωρίαν,</em></strong></span> <span class='ocrx_word' id='word_1_189' title='bbox 573 1712 695 1766; x_wconf 88' lang='lat' dir='ltr'><strong>poenam</strong></span> <span class='ocrx_word' id='word_1_190' title='bbox 712 1706 826 1764; x_wconf 82' lang='lat' dir='ltr'><strong>vocent,</strong></span> <span class='ocrx_word' id='word_1_191' title='bbox 849 1694 906 1751; x_wconf 73' lang='lat' dir='ltr'><strong>dno·</strong></span> <span class='ocrx_word' id='word_1_192' title='bbox 923 1697 972 1766; x_wconf 72' lang='grc' dir='ltr'><strong>τῆς</strong></span> <span class='ocrx_word' id='word_1_193' title='bbox 987 1698 1078 1770; x_wconf 64' lang='grc' dir='ltr'><strong><em>τιμῆς,</em></strong></span> 
     </span>
    </p>

    <p class='ocr_par' dir='ltr' id='par_1_5' title="bbox 10 1762 1081 1906">
     <span class='ocr_line' id='line_1_21' title="bbox 10 1762 1081 1847; baseline 0.004 -29"><span class='ocrx_word' id='word_1_194' title='bbox 10 1788 14 1795; x_wconf 93' lang='grc'><em>·</em></span> <span class='ocrx_word' id='word_1_195' title='bbox 59 1765 115 1832; x_wconf 63' lang='lat' dir='ltr'><strong>qood</strong></span> <span class='ocrx_word' id='word_1_196' title='bbox 135 1775 178 1818; x_wconf 83' lang='lat' dir='ltr'><strong>est</strong></span> <span class='ocrx_word' id='word_1_197' title='bbox 200 1762 345 1847; x_wconf 65' lang='lat' dir='ltr'><strong>pretium.)</strong></span> <span class='ocrx_word' id='word_1_198' title='bbox 385 1766 444 1816; x_wconf 83' lang='lat' dir='ltr'><strong>Nec</strong></span> <span class='ocrx_word' id='word_1_199' title='bbox 468 1770 548 1832; x_wconf 85' lang='lat' dir='ltr'><strong>equis</strong></span> <span class='ocrx_word' id='word_1_200' title='bbox 574 1769 683 1830; x_wconf 85' lang='lat' dir='ltr'><strong>aspirat</strong></span> <span class='ocrx_word' id='word_1_201' title='bbox 708 1767 845 1832; x_wconf 59' lang='lat' dir='ltr'><strong>richildim</strong></span> <span class='ocrx_word' id='word_1_202' title='bbox 873 1772 983 1836; x_wconf 81' lang='lat' dir='ltr'><strong>aspirat</strong></span> <span class='ocrx_word' id='word_1_203' title='bbox 1006 1772 1081 1839; x_wconf 83' lang='lat' dir='ltr'><strong>apud</strong></span> 
     </span>
     <span class='ocr_line' id='line_1_22' title="bbox 60 1834 1079 1906; baseline 0.003 -20"><span class='ocrx_word' id='word_1_204' title='bbox 60 1834 158 1889; x_wconf 74' lang='lat' dir='ltr'><strong>usioses</strong></span> <span class='ocrx_word' id='word_1_205' title='bbox 181 1836 293 1885; x_wconf 77' lang='lat' dir='ltr'><strong>accedit</strong></span> <span class='ocrx_word' id='word_1_206' title='bbox 315 1834 459 1902; x_wconf 81' lang='lat' dir='ltr'><strong>significat.</strong></span> <span class='ocrx_word' id='word_1_207' title='bbox 509 1837 608 1887; x_wconf 90' lang='lat' dir='ltr'><strong>Cicero</strong></span> <span class='ocrx_word' id='word_1_208' title='bbox 640 1835 735 1900; x_wconf 86' lang='lat' dir='ltr'><strong>(Verr.</strong></span> <span class='ocrx_word' id='word_1_209' title='bbox 763 1847 796 1900; x_wconf 83' lang='lat'><strong>2,</strong></span> <span class='ocrx_word' id='word_1_210' title='bbox 820 1839 892 1898; x_wconf 81' lang='lat'>31.):</span> <span class='ocrx_word' id='word_1_211' title='bbox 923 1838 1079 1906; x_wconf 79' lang='lat' dir='ltr'><strong>Nunquam</strong></span> 
     </span>
    </p>

    <p class='ocr_par' dir='ltr' id='par_1_6' title="bbox 10 1902 1080 2042">
     <span class='ocr_line' id='line_1_23' title="bbox 10 1902 1078 1971; baseline 0.005 -16"><span class='ocrx_word' id='word_1_212' title='bbox 10 1915 13 1921; x_wconf 87' lang='grc'><em>“</em></span> <span class='ocrx_word' id='word_1_213' title='bbox 59 1902 127 1968; x_wconf 69' lang='lat' dir='ltr'><strong>(codd.</strong></span> <span class='ocrx_word' id='word_1_214' title='bbox 142 1904 241 1959; x_wconf 88' lang='lat' dir='ltr'><strong>Burm.</strong></span> <span class='ocrx_word' id='word_1_215' title='bbox 262 1906 349 1967; x_wconf 86' lang='lat' dir='ltr'><strong>nune)</strong></span> <span class='ocrx_word' id='word_1_216' title='bbox 368 1907 509 1971; x_wconf 81' lang='lat' dir='ltr'><strong>aspiravit</strong></span> <span class='ocrx_word' id='word_1_217' title='bbox 527 1905 565 1955; x_wconf 80' lang='lat' dir='ltr'><strong>sd</strong></span> <span class='ocrx_word' id='word_1_218' title='bbox 584 1904 746 1968; x_wconf 86' lang='lat' dir='ltr'><strong>curiam,i.</strong></span> <span class='ocrx_word' id='word_1_219' title='bbox 764 1924 787 1956; x_wconf 90' lang='lat' dir='ltr'><strong>e.</strong></span> <span class='ocrx_word' id='word_1_220' title='bbox 804 1906 925 1957; x_wconf 77' lang='lat' dir='ltr'><strong>accessit.</strong></span> <span class='ocrx_word' id='word_1_221' title='bbox 962 1906 1015 1959; x_wconf 85' lang='lat' dir='ltr'><strong>Sed</strong></span> <span class='ocrx_word' id='word_1_222' title='bbox 1032 1910 1078 1960; x_wconf 85' lang='lat' dir='ltr'><strong>hio</strong></span> 
     </span>
     <span class='ocr_line' id='line_1_24' title="bbox 59 1969 1080 2042; baseline 0.004 -18"><span class='ocrx_word' id='word_1_223' title='bbox 59 1969 155 2039; x_wconf 72' lang='lat' dir='ltr'><strong>figume</strong></span> <span class='ocrx_word' id='word_1_224' title='bbox 171 1973 256 2039; x_wconf 80' lang='lat' dir='ltr'><strong>dixit,</strong></span> <span class='ocrx_word' id='word_1_225' title='bbox 273 1974 389 2041; x_wconf 81' lang='lat' dir='ltr'><strong>Aspirut</strong></span> <span class='ocrx_word' id='word_1_226' title='bbox 406 1977 500 2040; x_wconf 78' lang='lat' dir='ltr'><strong>equis,</strong></span> <span class='ocrx_word' id='word_1_227' title='bbox 517 1989 567 2042; x_wconf 89' lang='lat' dir='ltr'><strong>pro</strong></span> <span class='ocrx_word' id='word_1_228' title='bbox 586 1973 623 2022; x_wconf 86' lang='lat' dir='ltr'><strong>ad</strong></span> <span class='ocrx_word' id='word_1_229' title='bbox 641 1989 743 2039; x_wconf 83' lang='lat' dir='ltr'><strong>equos:</strong></span> <span class='ocrx_word' id='word_1_230' title='bbox 761 1973 778 2024; x_wconf 91' lang='lat' dir='ltr'><strong>i.</strong></span> <span class='ocrx_word' id='word_1_231' title='bbox 799 1993 824 2027; x_wconf 88' lang='lat' dir='ltr'><strong>e.</strong></span> <span class='ocrx_word' id='word_1_232' title='bbox 842 1977 945 2031; x_wconf 80' lang='lat' dir='ltr'><strong>occisus</strong></span> <span class='ocrx_word' id='word_1_233' title='bbox 963 1986 1011 2041; x_wconf 88' lang='lat' dir='ltr'><strong>est,</strong></span> <span class='ocrx_word' id='word_1_234' title='bbox 1027 1994 1080 2030; x_wconf 87' lang='lat' dir='ltr'><strong>nec</strong></span> 
     </span>
    </p>

    <p class='ocr_par' dir='ltr' id='par_1_7' title="bbox 10 2042 1081 2110">
     <span class='ocr_line' id='line_1_25' title="bbox 10 2042 1081 2110; baseline 0.007 -18"><span class='ocrx_word' id='word_1_235' title='bbox 10 2074 13 2081; x_wconf 86' lang='lat'>·</span> <span class='ocrx_word' id='word_1_236' title='bbox 59 2042 175 2110; x_wconf 73' lang='lat' dir='ltr'><strong>td&#39;equos</strong></span> <span class='ocrx_word' id='word_1_237' title='bbox 192 2042 305 2094; x_wconf 84' lang='lat' dir='ltr'><strong>Achillis</strong></span> <span class='ocrx_word' id='word_1_238' title='bbox 323 2043 442 2094; x_wconf 84' lang='lat' dir='ltr'><strong>accessit.</strong></span> <span class='ocrx_word' id='word_1_239' title='bbox 475 2042 575 2093; x_wconf 89' lang='lat' dir='ltr'><strong>Melius</strong></span> <span class='ocrx_word' id='word_1_240' title='bbox 592 2050 688 2093; x_wconf 89' lang='lat' dir='ltr'><strong>tamen</strong></span> <span class='ocrx_word' id='word_1_241' title='bbox 706 2050 761 2107; x_wconf 88' lang='lat' dir='ltr'><strong>est,</strong></span> <span class='ocrx_word' id='word_1_242' title='bbox 772 2050 815 2093; x_wconf 82' lang='lat' dir='ltr'><strong>&#39;ut</strong></span> <span class='ocrx_word' id='word_1_243' title='bbox 831 2044 866 2095; x_wconf 89' lang='lat' dir='ltr'><strong>de</strong></span> <span class='ocrx_word' id='word_1_244' title='bbox 883 2044 1020 2098; x_wconf 87' lang='lat' dir='ltr'><strong>Diomede</strong></span> <span class='ocrx_word' id='word_1_245' title='bbox 1038 2047 1081 2098; x_wconf 90' lang='lat' dir='ltr'><strong>in·</strong></span> 
     </span>
    </p>

    <p class='ocr_par' dir='ltr' id='par_1_8' title="bbox 10 2092 1168 2185">
     <span class='ocr_line' id='line_1_26' title="bbox 10 2092 1168 2185; baseline 0.003 -24"><span class='ocrx_word' id='word_1_246' title='bbox 10 2148 12 2152; x_wconf 86' lang='lat'>-</span> <span class='ocrx_word' id='word_1_247' title='bbox 46 2092 213 2177; x_wconf 52' lang='lat' dir='ltr'><strong>&#39;alligemum</strong></span> <span class='ocrx_word' id='word_1_248' title='bbox 236 2119 270 2161; x_wconf 91' lang='lat' dir='ltr'><strong>ut</strong></span> <span class='ocrx_word' id='word_1_249' title='bbox 286 2111 321 2161; x_wconf 88' lang='lat' dir='ltr'><strong>sit</strong></span> <span class='ocrx_word' id='word_1_250' title='bbox 336 2127 444 2163; x_wconf 88' lang='lat' dir='ltr'><strong>sensus:</strong></span> <span class='ocrx_word' id='word_1_251' title='bbox 467 2111 617 2162; x_wconf 83' lang='lat' dir='ltr'><strong>Diomedes</strong></span> <span class='ocrx_word' id='word_1_252' title='bbox 636 2112 737 2162; x_wconf 89' lang='lat' dir='ltr'><strong>occidit</strong></span> <span class='ocrx_word' id='word_1_253' title='bbox 753 2111 905 2177; x_wconf 84' lang='lat' dir='ltr'><strong>Dolonem,</strong></span> <span class='ocrx_word' id='word_1_254' title='bbox 929 2116 976 2183; x_wconf 88' lang='lat' dir='ltr'><strong>qui</strong></span> <span class='ocrx_word' id='word_1_255' title='bbox 995 2133 1080 2185; x_wconf 70' lang='lat' dir='ltr'><strong>essuos</strong></span> <span class='ocrx_word' id='word_1_256' title='bbox 1165 2152 1168 2165; x_wconf 86' lang='lat'>.</span> 
     </span>
    </p>

    <p class='ocr_par' dir='ltr' id='par_1_9' title="bbox 10 2179 1118 2253">
     <span class='ocr_line' id='line_1_27' title="bbox 10 2179 1118 2253; baseline 0.005 -22"><span class='ocrx_word' id='word_1_257' title='bbox 10 2190 23 2221; x_wconf 74' lang='lat'><strong>&#39;-</strong></span> <span class='ocrx_word' id='word_1_258' title='bbox 58 2179 255 2231; x_wconf 68' lang='lat' dir='ltr'><strong>militamus</strong></span> <span class='ocrx_word' id='word_1_259' title='bbox 272 2188 314 2232; x_wconf 84' lang='lat' dir='ltr'><strong>est</strong></span> <span class='ocrx_word' id='word_1_260' title='bbox 336 2189 451 2247; x_wconf 86' lang='lat' dir='ltr'><strong>petere:</strong></span> <span class='ocrx_word' id='word_1_261' title='bbox 473 2191 541 2247; x_wconf 87' lang='lat' dir='ltr'><strong>quos</strong></span> <span class='ocrx_word' id='word_1_262' title='bbox 559 2197 611 2230; x_wconf 90' lang='lat' dir='ltr'><strong>nec</strong></span> <span class='ocrx_word' id='word_1_263' title='bbox 628 2179 674 2239; x_wconf 86' lang='lat' dir='ltr'><strong>ille</strong></span> <span class='ocrx_word' id='word_1_264' title='bbox 693 2181 741 2248; x_wconf 85' lang='lat' dir='ltr'><strong>qui</strong></span> <span class='ocrx_word' id='word_1_265' title='bbox 765 2197 829 2232; x_wconf 87' lang='lat' dir='ltr'><strong>eum</strong></span> <span class='ocrx_word' id='word_1_266' title='bbox 847 2183 925 2248; x_wconf 86' lang='lat' dir='ltr'><strong>vicit,</strong></span> <span class='ocrx_word' id='word_1_267' title='bbox 947 2186 1080 2253; x_wconf 85' lang='lat' dir='ltr'><strong>poposcit.</strong></span> <span class='ocrx_word' id='word_1_268' title='bbox 1114 2186 1118 2209; x_wconf 85' lang='lat'>&#39;</span> 
     </span>
    </p>

    <p class='ocr_par' dir='ltr' id='par_1_10' title="bbox 10 2245 1080 2318">
     <span class='ocr_line' id='line_1_28' title="bbox 10 2245 1080 2318; baseline 0.004 -18"><span class='ocrx_word' id='word_1_269' title='bbox 10 2261 22 2292; x_wconf 69' lang='grc' dir='ltr'><strong>Ξ</strong></span> <span class='ocrx_word' id='word_1_270' title='bbox 58 2245 122 2314; x_wconf 74' lang='lat' dir='ltr'><strong>[Siue</strong></span> <span class='ocrx_word' id='word_1_271' title='bbox 145 2250 277 2317; x_wconf 79' lang='lat' dir='ltr'><strong>adspirat</strong></span> <span class='ocrx_word' id='word_1_272' title='bbox 302 2257 347 2300; x_wconf 86' lang='lat' dir='ltr'><strong>est</strong></span> <span class='ocrx_word' id='word_1_273' title='bbox 364 2256 485 2300; x_wconf 87' lang='lat' dir='ltr'><strong>tractum</strong></span> <span class='ocrx_word' id='word_1_274' title='bbox 506 2249 545 2298; x_wconf 76' lang='lat' dir='ltr'><strong>eb</strong></span> <span class='ocrx_word' id='word_1_275' title='bbox 569 2248 612 2299; x_wconf 87' lang='lat' dir='ltr'><strong>his</strong></span> <span class='ocrx_word' id='word_1_276' title='bbox 637 2248 685 2316; x_wconf 87' lang='lat' dir='ltr'><strong>qui</strong></span> <span class='ocrx_word' id='word_1_277' title='bbox 706 2250 879 2317; x_wconf 82' lang='lat' dir='ltr'><strong>insequentes</strong></span> <span class='ocrx_word' id='word_1_278' title='bbox 902 2253 1001 2318; x_wconf 69' lang='lat' dir='ltr'><strong>spiritu</strong></span> <span class='ocrx_word' id='word_1_279' title='bbox 1030 2269 1080 2304; x_wconf 87' lang='lat' dir='ltr'><strong>suo</strong></span> 
     </span>
    </p>

    <p class='ocr_par' dir='ltr' id='par_1_11' title="bbox 10 2315 1081 2391">
     <span class='ocr_line' id='line_1_29' title="bbox 10 2315 1081 2391; baseline 0.004 -23"><span class='ocrx_word' id='word_1_280' title='bbox 10 2329 23 2348; x_wconf 77' lang='lat'><strong>&#39;·</strong></span> <span class='ocrx_word' id='word_1_281' title='bbox 58 2317 175 2385; x_wconf 75' lang='lat' dir='ltr'><strong>proximos</strong></span> <span class='ocrx_word' id='word_1_282' title='bbox 193 2318 309 2369; x_wconf 72' lang='lat' dir='ltr'><strong>adflent.</strong></span> <span class='ocrx_word' id='word_1_283' title='bbox 326 2344 361 2354; x_wconf 90' lang='grc'>-</span> <span class='ocrx_word' id='word_1_284' title='bbox 396 2325 456 2377; x_wconf 77' lang='grc'>354.</span> <span class='ocrx_word' id='word_1_285' title='bbox 474 2315 607 2385; x_wconf 83' lang='lat' dir='ltr'><strong>Longum</strong></span> <span class='ocrx_word' id='word_1_286' title='bbox 624 2335 673 2383; x_wconf 83' lang='lat' dir='ltr'><strong>per</strong></span> <span class='ocrx_word' id='word_1_287' title='bbox 692 2319 794 2382; x_wconf 70' lang='lat' dir='ltr'><strong>inane,</strong></span> <span class='ocrx_word' id='word_1_288' title='bbox 819 2322 872 2370; x_wconf 88' lang='lat' dir='ltr'><strong>hoc</strong></span> <span class='ocrx_word' id='word_1_289' title='bbox 890 2329 931 2376; x_wconf 83' lang='lat' dir='ltr'><strong>est</strong></span> <span class='ocrx_word' id='word_1_290' title='bbox 948 2340 997 2391; x_wconf 80' lang='lat' dir='ltr'><strong>per</strong></span> <span class='ocrx_word' id='word_1_291' title='bbox 1020 2322 1081 2374; x_wconf 87' lang='lat' dir='ltr'><strong>lon-</strong></span> 
     </span>
    </p>

    <p class='ocr_par' dir='ltr' id='par_1_12' title="bbox 10 2387 1081 2456">
     <span class='ocr_line' id='line_1_30' title="bbox 10 2387 1081 2456; baseline 0.006 -20"><span class='ocrx_word' id='word_1_292' title='bbox 10 2400 20 2430; x_wconf 62' lang='lat' dir='ltr'>i</span> <span class='ocrx_word' id='word_1_293' title='bbox 40 2399 109 2451; x_wconf 69' lang='lat' dir='ltr'><strong>¹gum</strong></span> <span class='ocrx_word' id='word_1_294' title='bbox 122 2388 255 2454; x_wconf 76' lang='lat' dir='ltr'><strong>spatium.</strong></span> <span class='ocrx_word' id='word_1_295' title='bbox 289 2387 405 2438; x_wconf 84' lang='lat' dir='ltr'><strong>Secutus</strong></span> <span class='ocrx_word' id='word_1_296' title='bbox 426 2388 537 2450; x_wconf 83' lang='lat' dir='ltr'><strong>ioculo;</strong></span> <span class='ocrx_word' id='word_1_297' title='bbox 561 2403 612 2456; x_wconf 90' lang='lat' dir='ltr'><strong>pro</strong></span> <span class='ocrx_word' id='word_1_298' title='bbox 632 2390 792 2453; x_wconf 85' lang='lat' dir='ltr'><strong>insecutus,</strong></span> <span class='ocrx_word' id='word_1_299' title='bbox 815 2389 856 2440; x_wconf 91' lang='lat' dir='ltr'><strong>vel</strong></span> <span class='ocrx_word' id='word_1_300' title='bbox 881 2398 958 2443; x_wconf 87' lang='lat' dir='ltr'><strong>certe</strong></span> <span class='ocrx_word' id='word_1_301' title='bbox 983 2410 998 2442; x_wconf 91' lang='lat' dir='ltr'><strong>e</strong></span> <span class='ocrx_word' id='word_1_302' title='bbox 1020 2392 1081 2442; x_wconf 90' lang='lat' dir='ltr'><strong>lon·</strong></span> 
     </span>
    </p>

    <p class='ocr_par' dir='ltr' id='par_1_13' title="bbox 10 2454 1081 2530">
     <span class='ocr_line' id='line_1_31' title="bbox 10 2454 1081 2530; baseline 0.004 -24"><span class='ocrx_word' id='word_1_303' title='bbox 10 2467 22 2484; x_wconf 91' lang='grc'><strong>··</strong></span> <span class='ocrx_word' id='word_1_304' title='bbox 71 2454 142 2525; x_wconf 83' lang='lat' dir='ltr'><strong>&#39;quo</strong></span> <span class='ocrx_word' id='word_1_305' title='bbox 166 2471 236 2507; x_wconf 86' lang='lat' dir='ltr'><strong>eum</strong></span> <span class='ocrx_word' id='word_1_306' title='bbox 261 2463 325 2508; x_wconf 86' lang='lat' dir='ltr'><strong>ante</strong></span> <span class='ocrx_word' id='word_1_307' title='bbox 356 2457 446 2508; x_wconf 85' lang='lat' dir='ltr'><strong>ieoulo</strong></span> <span class='ocrx_word' id='word_1_308' title='bbox 471 2455 628 2507; x_wconf 81' lang='lat' dir='ltr'><strong>vulneravit.</strong></span> <span class='ocrx_word' id='word_1_309' title='bbox 659 2481 693 2494; x_wconf 88' lang='lat'><strong>-·</strong></span> <span class='ocrx_word' id='word_1_310' title='bbox 741 2463 801 2514; x_wconf 77' lang='lat'>356.</span> <span class='ocrx_word' id='word_1_311' title='bbox 828 2458 1002 2525; x_wconf 72' lang='lat' dir='ltr'><strong>Elapsoque3</strong></span> <span class='ocrx_word' id='word_1_312' title='bbox 1028 2476 1081 2530; x_wconf 87' lang='lat' dir='ltr'><strong>pro</strong></span> 
     </span>
    </p>

    <p class='ocr_par' dir='ltr' id='par_1_14' title="bbox 10 2466 1080 2596">
     <span class='ocr_line' id='line_1_32' title="bbox 10 2466 1080 2596; baseline 0.004 -22"><span class='ocrx_word' id='word_1_313' title='bbox 10 2530 22 2591; x_wconf 68' lang='lat'><strong>27</strong></span> <span class='ocrx_word' id='word_1_314' title='bbox 56 2466 133 2590; x_wconf 48' lang='lat' dir='ltr'><strong>gru]</strong></span> <span class='ocrx_word' id='word_1_315' title='bbox 150 2550 186 2562; x_wconf 93' lang='lat'>-</span> <span class='ocrx_word' id='word_1_316' title='bbox 224 2530 287 2590; x_wconf 65' lang='lat'><strong>351.</strong></span> <span class='ocrx_word' id='word_1_317' title='bbox 305 2525 428 2576; x_wconf 65' lang='lat' dir='ltr'><strong>Dextrae</strong></span> <span class='ocrx_word' id='word_1_318' title='bbox 442 2542 609 2576; x_wconf 80' lang='lat' dir='ltr'><strong>mucronem</strong></span> <span class='ocrx_word' id='word_1_319' title='bbox 620 2537 784 2591; x_wconf 69' lang='lat' dir='ltr'><strong>extorquet,</strong></span> <span class='ocrx_word' id='word_1_320' title='bbox 810 2529 887 2594; x_wconf 88' lang='lat' dir='ltr'><strong>quasi</strong></span> <span class='ocrx_word' id='word_1_321' title='bbox 911 2545 1080 2596; x_wconf 86' lang='lat' dir='ltr'><strong>prooecono-</strong></span> 
     </span>
    </p>

    <p class='ocr_par' dir='ltr' id='par_1_15' title="bbox 13 2593 1081 2666">
     <span class='ocr_line' id='line_1_33' title="bbox 13 2593 1081 2666; baseline 0.007 -24"><span class='ocrx_word' id='word_1_322' title='bbox 13 2610 21 2649; x_wconf 84' lang='grc'>;</span> <span class='ocrx_word' id='word_1_323' title='bbox 58 2593 169 2660; x_wconf 78' lang='lat' dir='ltr'><strong>maest,</strong></span> <span class='ocrx_word' id='word_1_324' title='bbox 194 2602 227 2644; x_wconf 90' lang='lat' dir='ltr'><strong>ut</strong></span> <span class='ocrx_word' id='word_1_325' title='bbox 251 2610 308 2645; x_wconf 92' lang='lat' dir='ltr'><strong>non</strong></span> <span class='ocrx_word' id='word_1_326' title='bbox 331 2611 397 2647; x_wconf 91' lang='lat' dir='ltr'><strong>eum</strong></span> <span class='ocrx_word' id='word_1_327' title='bbox 420 2610 469 2645; x_wconf 89' lang='lat' dir='ltr'><strong>suo</strong></span> <span class='ocrx_word' id='word_1_328' title='bbox 493 2594 637 2646; x_wconf 86' lang='lat' dir='ltr'><strong>interimat</strong></span> <span class='ocrx_word' id='word_1_329' title='bbox 653 2593 760 2660; x_wconf 81' lang='lat' dir='ltr'><strong>gladio,</strong></span> <span class='ocrx_word' id='word_1_330' title='bbox 783 2613 818 2646; x_wconf 90' lang='lat' dir='ltr'><strong>ne</strong></span> <span class='ocrx_word' id='word_1_331' title='bbox 837 2605 983 2663; x_wconf 76' lang='lat' dir='ltr'><strong>agnoscat,</strong></span> <span class='ocrx_word' id='word_1_332' title='bbox 1007 2599 1081 2666; x_wconf 88' lang='lat' dir='ltr'><strong>quod</strong></span> 
     </span>
    </p>

    <p class='ocr_par' dir='ltr' id='par_1_16' title="bbox 10 2657 1081 2735">
     <span class='ocr_line' id='line_1_34' title="bbox 10 2657 1081 2735; baseline 0.005 -21"><span class='ocrx_word' id='word_1_333' title='bbox 10 2681 23 2692; x_wconf 94' lang='lat'>·</span> <span class='ocrx_word' id='word_1_334' title='bbox 57 2657 148 2731; x_wconf 72' lang='lat' dir='ltr'><strong>Metisci</strong></span> <span class='ocrx_word' id='word_1_335' title='bbox 164 2664 223 2716; x_wconf 72' lang='lat' dir='ltr'><strong>est:</strong></span> <span class='ocrx_word' id='word_1_336' title='bbox 247 2670 276 2714; x_wconf 89' lang='lat' dir='ltr'><strong>et</strong></span> <span class='ocrx_word' id='word_1_337' title='bbox 291 2663 349 2713; x_wconf 81' lang='lat' dir='ltr'><strong>iem</strong></span> <span class='ocrx_word' id='word_1_338' title='bbox 366 2680 440 2714; x_wconf 87' lang='lat' dir='ltr'><strong>nuno</strong></span> <span class='ocrx_word' id='word_1_339' title='bbox 456 2678 538 2714; x_wconf 90' lang='lat' dir='ltr'><strong>suum</strong></span> <span class='ocrx_word' id='word_1_340' title='bbox 561 2662 701 2730; x_wconf 85' lang='lat' dir='ltr'><strong>requirat,</strong></span> <span class='ocrx_word' id='word_1_341' title='bbox 726 2679 780 2730; x_wconf 91' lang='lat' dir='ltr'><strong>quo</strong></span> <span class='ocrx_word' id='word_1_342' title='bbox 805 2667 879 2715; x_wconf 78' lang='lat' dir='ltr'><strong>iacto</strong></span> <span class='ocrx_word' id='word_1_343' title='bbox 897 2668 988 2732; x_wconf 87' lang='lat' dir='ltr'><strong>perire</strong></span> <span class='ocrx_word' id='word_1_344' title='bbox 1005 2675 1081 2735; x_wconf 86' lang='lat' dir='ltr'><strong>pote·</strong></span> 
     </span>
    </p>

    <p class='ocr_par' dir='ltr' id='par_1_17' title="bbox 10 2732 1080 2804">
     <span class='ocr_line' id='line_1_35' title="bbox 10 2732 1080 2804; baseline 0.005 -23"><span class='ocrx_word' id='word_1_345' title='bbox 10 2758 20 2766; x_wconf 88' lang='lat'><em>—</em></span> <span class='ocrx_word' id='word_1_346' title='bbox 56 2740 217 2799; x_wconf 79' lang='lat' dir='ltr'><strong>utrequens</strong></span> <span class='ocrx_word' id='word_1_347' title='bbox 240 2732 332 2783; x_wconf 84' lang='lat' dir='ltr'><strong>fracto</strong></span> <span class='ocrx_word' id='word_1_348' title='bbox 358 2733 449 2799; x_wconf 85' lang='lat' dir='ltr'><strong>gladio</strong></span> <span class='ocrx_word' id='word_1_349' title='bbox 474 2733 644 2783; x_wconf 85' lang='lat' dir='ltr'><strong>oeconomia.</strong></span> <span class='ocrx_word' id='word_1_350' title='bbox 661 2759 696 2769; x_wconf 86' lang='lat'><em>-</em></span> <span class='ocrx_word' id='word_1_351' title='bbox 730 2738 792 2790; x_wconf 82' lang='grc'><strong>358.</strong></span> <span class='ocrx_word' id='word_1_352' title='bbox 810 2734 942 2801; x_wconf 83' lang='lat' dir='ltr'><strong>[Tinguit</strong></span> <span class='ocrx_word' id='word_1_353' title='bbox 961 2737 1080 2804; x_wconf 82' lang='lat' dir='ltr'><strong>iugulo;</strong></span> 
     </span>
    </p>

    <p class='ocr_par' dir='ltr' id='par_1_18' title="bbox 10 2796 1081 2868">
     <span class='ocr_line' id='line_1_36' title="bbox 10 2796 1081 2868; baseline 0.005 -18"><span class='ocrx_word' id='word_1_354' title='bbox 10 2816 21 2859; x_wconf 66' lang='grc' dir='ltr'><strong>ζ,</strong></span> <span class='ocrx_word' id='word_1_355' title='bbox 50 2796 89 2850; x_wconf 77' lang='lat' dir='ltr'><strong>lte</strong></span> <span class='ocrx_word' id='word_1_356' title='bbox 109 2817 165 2852; x_wconf 87' lang='lat' dir='ltr'><strong>non</strong></span> <span class='ocrx_word' id='word_1_357' title='bbox 191 2799 330 2868; x_wconf 79' lang='lat' dir='ltr'><strong>significat</strong></span> <span class='ocrx_word' id='word_1_358' title='bbox 352 2801 455 2863; x_wconf 77' lang='lat' dir='ltr'><strong>inficit,</strong></span> <span class='ocrx_word' id='word_1_359' title='bbox 480 2809 512 2850; x_wconf 93' lang='lat' dir='ltr'><strong>ut</strong></span> <span class='ocrx_word' id='word_1_360' title='bbox 536 2809 563 2851; x_wconf 90' lang='lat' dir='ltr'><strong>et</strong></span> <span class='ocrx_word' id='word_1_361' title='bbox 587 2800 639 2865; x_wconf 81' lang='lat' dir='ltr'><strong>(G.</strong></span> <span class='ocrx_word' id='word_1_362' title='bbox 657 2810 690 2866; x_wconf 82' lang='lat'><strong>2,</strong></span> <span class='ocrx_word' id='word_1_363' title='bbox 708 2802 759 2861; x_wconf 84' lang='lat'>8.):</span> <span class='ocrx_word' id='word_1_364' title='bbox 792 2803 903 2868; x_wconf 77' lang='lat' dir='ltr'><strong>Tingue</strong></span> <span class='ocrx_word' id='word_1_365' title='bbox 919 2821 1000 2855; x_wconf 79' lang='grc' dir='ltr'><strong>,ηουο</strong></span> <span class='ocrx_word' id='word_1_366' title='bbox 1026 2824 1081 2855; x_wconf 80' lang='lat' dir='ltr'><strong>me·</strong></span> 
     </span>
    </p>

    <p class='ocr_par' dir='ltr' id='par_1_19' title="bbox 10 2870 1083 2939">
     <span class='ocr_line' id='line_1_37' title="bbox 10 2870 1083 2939; baseline 0.01 -26"><span class='ocrx_word' id='word_1_367' title='bbox 10 2883 19 2913; x_wconf 82' lang='lat' dir='ltr'><strong>r</strong></span> <span class='ocrx_word' id='word_1_368' title='bbox 56 2884 103 2917; x_wconf 79' lang='lat' dir='ltr'><strong>rum</strong></span> <span class='ocrx_word' id='word_1_369' title='bbox 120 2871 242 2937; x_wconf 82' lang='lat' dir='ltr'><strong>direptis</strong></span> <span class='ocrx_word' id='word_1_370' title='bbox 269 2886 353 2921; x_wconf 79' lang='lat' dir='ltr'><strong>crura</strong></span> <span class='ocrx_word' id='word_1_371' title='bbox 380 2871 524 2934; x_wconf 79' lang='lat' dir='ltr'><strong>coturnis,</strong></span> <span class='ocrx_word' id='word_1_372' title='bbox 546 2870 594 2925; x_wconf 89' lang='lat' dir='ltr'><strong>sed</strong></span> <span class='ocrx_word' id='word_1_373' title='bbox 617 2870 750 2922; x_wconf 82' lang='lat' dir='ltr'><strong>demersit</strong></span> <span class='ocrx_word' id='word_1_374' title='bbox 772 2871 801 2922; x_wconf 89' lang='lat' dir='ltr'><strong>in</strong></span> <span class='ocrx_word' id='word_1_375' title='bbox 825 2870 967 2939; x_wconf 81' lang='lat' dir='ltr'><strong>iugulum,</strong></span> <span class='ocrx_word' id='word_1_376' title='bbox 990 2882 1021 2926; x_wconf 86' lang='lat' dir='ltr'><strong>ut</strong></span> <span class='ocrx_word' id='word_1_377' title='bbox 1043 2874 1083 2927; x_wconf 88' lang='lat' dir='ltr'><strong>ibi</strong></span> 
     </span>
    </p>

    <p class='ocr_par' dir='ltr' id='par_1_20' title="bbox 10 2932 1084 3010">
     <span class='ocr_line' id='line_1_38' title="bbox 10 2932 1084 3010; baseline 0.009 -25"><span class='ocrx_word' id='word_1_378' title='bbox 10 2953 18 2985; x_wconf 86' lang='grc' dir='ltr'>ι</span> <span class='ocrx_word' id='word_1_379' title='bbox 43 2932 118 3003; x_wconf 59' lang='grc' dir='ltr'><strong>’βυτ</strong></span> <span class='ocrx_word' id='word_1_380' title='bbox 150 2939 186 2989; x_wconf 80' lang='lat' dir='ltr'><strong>Et</strong></span> <span class='ocrx_word' id='word_1_381' title='bbox 211 2937 312 3006; x_wconf 81' lang='lat' dir='ltr'><strong>Stygia</strong></span> <span class='ocrx_word' id='word_1_382' title='bbox 337 2940 479 2989; x_wconf 63' lang='lat' dir='ltr'><strong>cadintem</strong></span> <span class='ocrx_word' id='word_1_383' title='bbox 505 2942 630 2990; x_wconf 74' lang='lat' dir='ltr'><strong>tinxerat</strong></span> <span class='ocrx_word' id='word_1_384' title='bbox 656 2941 748 3002; x_wconf 85' lang='lat' dir='ltr'><strong>unda,</strong></span> <span class='ocrx_word' id='word_1_385' title='bbox 778 2940 931 3008; x_wconf 86' lang='lat' dir='ltr'><strong>imbuerat,</strong></span> <span class='ocrx_word' id='word_1_386' title='bbox 961 2943 1084 3010; x_wconf 84' lang='lat' dir='ltr'><strong>duraret,</strong></span> 
     </span>
    </p>

    <p class='ocr_par' dir='ltr' id='par_1_21' title="bbox 10 3004 1084 3077">
     <span class='ocr_line' id='line_1_39' title="bbox 10 3004 1084 3077; baseline 0.008 -20"><span class='ocrx_word' id='word_1_387' title='bbox 10 3031 18 3039; x_wconf 91' lang='lat'>·</span> <span class='ocrx_word' id='word_1_388' title='bbox 53 3004 199 3075; x_wconf 73' lang='lat' dir='ltr'><strong>significat]</strong></span> <span class='ocrx_word' id='word_1_389' title='bbox 215 3032 252 3044; x_wconf 94' lang='lat'><strong>·-</strong></span> <span class='ocrx_word' id='word_1_390' title='bbox 293 3013 354 3065; x_wconf 83' lang='lat'>359.</span> <span class='ocrx_word' id='word_1_391' title='bbox 371 3008 415 3060; x_wconf 85' lang='lat' dir='ltr'><strong>En</strong></span> <span class='ocrx_word' id='word_1_392' title='bbox 435 3025 541 3077; x_wconf 56' lang='lat' dir='ltr'><strong>agros,</strong></span> <span class='ocrx_word' id='word_1_393' title='bbox 563 3006 748 3076; x_wconf 87' lang='lat' dir='ltr'><strong>[subauditur]</strong></span> <span class='ocrx_word' id='word_1_394' title='bbox 773 3025 840 3076; x_wconf 88' lang='lat' dir='ltr'><strong>quos</strong></span> <span class='ocrx_word' id='word_1_395' title='bbox 865 3009 968 3063; x_wconf 86' lang='lat' dir='ltr'><strong>victore</strong></span> <span class='ocrx_word' id='word_1_396' title='bbox 990 3015 1084 3066; x_wconf 82' lang='lat' dir='ltr'><strong>Aenea</strong></span> 
     </span>
    </p>

    <p class='ocr_par' dir='ltr' id='par_1_22' title="bbox 10 3076 1141 3147">
     <span class='ocr_line' id='line_1_40' title="bbox 10 3076 1141 3147; baseline 0.004 -20"><span class='ocrx_word' id='word_1_397' title='bbox 10 3100 17 3110; x_wconf 91' lang='lat'>·</span> <span class='ocrx_word' id='word_1_398' title='bbox 54 3077 216 3147; x_wconf 61' lang='lat' dir='ltr'><strong>hrodpere</strong></span> <span class='ocrx_word' id='word_1_399' title='bbox 234 3091 314 3146; x_wconf 86' lang='lat' dir='ltr'><strong>posse</strong></span> <span class='ocrx_word' id='word_1_400' title='bbox 332 3076 480 3142; x_wconf 80' lang='lat' dir='ltr'><strong>credebas,</strong></span> <span class='ocrx_word' id='word_1_401' title='bbox 503 3078 639 3146; x_wconf 83' lang='lat' dir='ltr'><strong>[corpore</strong></span> <span class='ocrx_word' id='word_1_402' title='bbox 659 3086 706 3127; x_wconf 92' lang='lat' dir='ltr'><strong>tuo</strong></span> <span class='ocrx_word' id='word_1_403' title='bbox 731 3078 843 3140; x_wconf 85' lang='lat' dir='ltr'><strong>metire,</strong></span> <span class='ocrx_word' id='word_1_404' title='bbox 866 3080 1020 3133; x_wconf 82' lang='lat' dir='ltr'><strong>metiuntur</strong></span> <span class='ocrx_word' id='word_1_405' title='bbox 1038 3099 1085 3134; x_wconf 93' lang='lat' dir='ltr'><strong>au·</strong></span> <span class='ocrx_word' id='word_1_406' title='bbox 1136 3094 1141 3113; x_wconf 59' lang='lat'><strong>¹*</strong></span> 
     </span>
    </p>

    <p class='ocr_par' dir='ltr' id='par_1_23' title="bbox 10 3143 1085 3214">
     <span class='ocr_line' id='line_1_41' title="bbox 10 3143 1085 3214; baseline 0.005 -18"><span class='ocrx_word' id='word_1_407' title='bbox 10 3170 16 3178; x_wconf 91' lang='lat'>·</span> <span class='ocrx_word' id='word_1_408' title='bbox 54 3150 99 3196; x_wconf 85' lang='lat' dir='ltr'><strong>tem</strong></span> <span class='ocrx_word' id='word_1_409' title='bbox 120 3161 207 3214; x_wconf 79' lang='lat' dir='ltr'><strong>agros</strong></span> <span class='ocrx_word' id='word_1_410' title='bbox 231 3145 280 3214; x_wconf 84' lang='lat' dir='ltr'><strong>qui</strong></span> <span class='ocrx_word' id='word_1_411' title='bbox 303 3145 406 3196; x_wconf 91' lang='lat' dir='ltr'><strong>colonis</strong></span> <span class='ocrx_word' id='word_1_412' title='bbox 430 3143 610 3213; x_wconf 79' lang='lat' dir='ltr'><strong>adsignaut3]</strong></span> <span class='ocrx_word' id='word_1_413' title='bbox 633 3145 699 3197; x_wconf 87' lang='lat' dir='ltr'><strong>inde</strong></span> <span class='ocrx_word' id='word_1_414' title='bbox 724 3146 798 3196; x_wconf 79' lang='lat' dir='ltr'><strong>errim</strong></span> <span class='ocrx_word' id='word_1_415' title='bbox 816 3148 972 3200; x_wconf 63' lang='lat' dir='ltr'><strong>sarcasmos</strong></span> <span class='ocrx_word' id='word_1_416' title='bbox 997 3153 1085 3201; x_wconf 85' lang='lat' dir='ltr'><strong>factus</strong></span> 
     </span>
    </p>

    <p class='ocr_par' dir='ltr' id='par_1_24' title="bbox 10 3213 1084 3285">
     <span class='ocr_line' id='line_1_42' title="bbox 10 3213 1084 3285; baseline 0.005 -20"><span class='ocrx_word' id='word_1_417' title='bbox 10 3230 16 3258; x_wconf 87' lang='lat'><em>=</em></span> <span class='ocrx_word' id='word_1_418' title='bbox 54 3221 97 3277; x_wconf 64' lang='lat' dir='ltr'><strong>otu</strong></span> <span class='ocrx_word' id='word_1_419' title='bbox 116 3231 186 3266; x_wconf 84' lang='lat' dir='ltr'><strong>nam</strong></span> <span class='ocrx_word' id='word_1_420' title='bbox 211 3213 381 3265; x_wconf 82' lang='lat' dir='ltr'><strong>consuetudo</strong></span> <span class='ocrx_word' id='word_1_421' title='bbox 406 3221 481 3280; x_wconf 89' lang='lat' dir='ltr'><strong>erat,</strong></span> <span class='ocrx_word' id='word_1_422' title='bbox 505 3222 536 3264; x_wconf 93' lang='lat' dir='ltr'><strong>ut</strong></span> <span class='ocrx_word' id='word_1_423' title='bbox 553 3215 671 3266; x_wconf 84' lang='lat' dir='ltr'><strong>victores</strong></span> <span class='ocrx_word' id='word_1_424' title='bbox 688 3215 873 3283; x_wconf 84' lang='lat' dir='ltr'><strong>imperatores</strong></span> <span class='ocrx_word' id='word_1_425' title='bbox 891 3234 971 3285; x_wconf 79' lang='lat' dir='ltr'><strong>egros</strong></span> <span class='ocrx_word' id='word_1_426' title='bbox 989 3221 1084 3271; x_wconf 87' lang='lat' dir='ltr'><strong>militi-</strong></span> 
     </span>
    </p>

    <p class='ocr_par' dir='ltr' id='par_1_25' title="bbox 10 3279 1086 3354">
     <span class='ocr_line' id='line_1_43' title="bbox 10 3279 1086 3354; baseline 0.007 -21"><span class='ocrx_word' id='word_1_427' title='bbox 10 3308 15 3318; x_wconf 87' lang='lat'><em>·</em></span> <span class='ocrx_word' id='word_1_428' title='bbox 52 3279 93 3334; x_wconf 78' lang='lat' dir='ltr'><strong>but</strong></span> <span class='ocrx_word' id='word_1_429' title='bbox 107 3284 162 3335; x_wconf 83' lang='lat' dir='ltr'><strong>suis</strong></span> <span class='ocrx_word' id='word_1_430' title='bbox 179 3283 290 3347; x_wconf 84' lang='lat' dir='ltr'><strong>darent,</strong></span> <span class='ocrx_word' id='word_1_431' title='bbox 306 3289 337 3332; x_wconf 90' lang='lat' dir='ltr'><strong>ut</strong></span> <span class='ocrx_word' id='word_1_432' title='bbox 352 3283 383 3335; x_wconf 90' lang='lat' dir='ltr'><strong>in</strong></span> <span class='ocrx_word' id='word_1_433' title='bbox 399 3283 520 3335; x_wconf 87' lang='lat' dir='ltr'><strong>historiis</strong></span> <span class='ocrx_word' id='word_1_434' title='bbox 536 3283 660 3352; x_wconf 81' lang='lat' dir='ltr'><strong>legimus.</strong></span> <span class='ocrx_word' id='word_1_435' title='bbox 694 3283 767 3333; x_wconf 83' lang='lat' dir='ltr'><strong>item</strong></span> <span class='ocrx_word' id='word_1_436' title='bbox 783 3285 812 3335; x_wconf 91' lang='lat' dir='ltr'><strong>in</strong></span> <span class='ocrx_word' id='word_1_437' title='bbox 826 3285 939 3338; x_wconf 88' lang='lat' dir='ltr'><strong>Lucano</strong></span> <span class='ocrx_word' id='word_1_438' title='bbox 955 3292 991 3354; x_wconf 86' lang='lat'><strong>(1,</strong></span> <span class='ocrx_word' id='word_1_439' title='bbox 999 3288 1086 3349; x_wconf 80' lang='lat'>346.):</span> 
     </span>
    </p>

    <p class='ocr_par' dir='ltr' id='par_1_26' title="bbox 10 3350 1086 3422">
     <span class='ocr_line' id='line_1_44' title="bbox 10 3350 1086 3422; baseline 0.007 -23"><span class='ocrx_word' id='word_1_440' title='bbox 10 3383 14 3392; x_wconf 77' lang='grc'>.</span> <span class='ocrx_word' id='word_1_441' title='bbox 52 3352 86 3402; x_wconf 78' lang='lat' dir='ltr'><strong>du</strong></span> <span class='ocrx_word' id='word_1_442' title='bbox 102 3350 207 3404; x_wconf 79' lang='lat' dir='ltr'><strong>melius</strong></span> <span class='ocrx_word' id='word_1_443' title='bbox 226 3351 303 3420; x_wconf 76' lang='lat' dir='ltr'><strong>fient</strong></span> <span class='ocrx_word' id='word_1_444' title='bbox 326 3354 437 3420; x_wconf 76' lang='lat' dir='ltr'><strong>piratae</strong></span> <span class='ocrx_word' id='word_1_445' title='bbox 454 3350 561 3419; x_wconf 78' lang='lat' dir='ltr'><strong>Magne</strong></span> <span class='ocrx_word' id='word_1_446' title='bbox 587 3353 690 3403; x_wconf 84' lang='lat' dir='ltr'><strong>coloni.</strong></span> <span class='ocrx_word' id='word_1_447' title='bbox 723 3353 771 3421; x_wconf 85' lang='lat' dir='ltr'><strong>[Et</strong></span> <span class='ocrx_word' id='word_1_448' title='bbox 787 3354 861 3405; x_wconf 82' lang='lat' dir='ltr'><strong>-alibi</strong></span> <span class='ocrx_word' id='word_1_449' title='bbox 879 3355 976 3420; x_wconf 74' lang='lat'><strong>(444.):</strong></span> <span class='ocrx_word' id='word_1_450' title='bbox 1005 3355 1086 3422; x_wconf 79' lang='lat' dir='ltr'><strong>Quae</strong></span> 
     </span>
    </p>

    <p class='ocr_par' dir='ltr' id='par_1_27' title="bbox 10 3423 1087 3490">
     <span class='ocr_line' id='line_1_45' title="bbox 10 3423 1087 3490; baseline 0.006 -20"><span class='ocrx_word' id='word_1_451' title='bbox 10 3458 15 3481; x_wconf 83' lang='grc'><strong>,</strong></span> <span class='ocrx_word' id='word_1_452' title='bbox 52 3423 117 3472; x_wconf 77' lang='lat' dir='ltr'><strong>sedes</strong></span> <span class='ocrx_word' id='word_1_453' title='bbox 135 3425 191 3474; x_wconf 78' lang='lat' dir='ltr'><strong>trit</strong></span> <span class='ocrx_word' id='word_1_454' title='bbox 210 3423 351 3486; x_wconf 77' lang='lat' dir='ltr'><strong>emeritis,</strong></span> <span class='ocrx_word' id='word_1_455' title='bbox 373 3439 445 3490; x_wconf 77' lang='lat' dir='ltr'><strong>quae</strong></span> <span class='ocrx_word' id='word_1_456' title='bbox 464 3440 532 3473; x_wconf 80' lang='lat' dir='ltr'><strong>rura</strong></span> <span class='ocrx_word' id='word_1_457' title='bbox 552 3423 711 3486; x_wconf 84' lang='lat' dir='ltr'><strong>dabuntur,</strong></span> <span class='ocrx_word' id='word_1_458' title='bbox 735 3439 805 3487; x_wconf 78' lang='lat' dir='ltr'><strong>quae</strong></span> <span class='ocrx_word' id='word_1_459' title='bbox 825 3437 918 3476; x_wconf 84' lang='lat' dir='ltr'><strong>noster</strong></span> <span class='ocrx_word' id='word_1_460' title='bbox 936 3437 1087 3476; x_wconf 77' lang='lat' dir='ltr'><strong>veteranus</strong></span> 
     </span>
    </p>

    <p class='ocr_par' dir='ltr' id='par_1_28' title="bbox 10 3488 1087 3561">
     <span class='ocr_line' id='line_1_46' title="bbox 10 3488 1087 3561; baseline 0.006 -24"><span class='ocrx_word' id='word_1_461' title='bbox 10 3528 15 3538; x_wconf 87' lang='lat'>.</span> <span class='ocrx_word' id='word_1_462' title='bbox 53 3490 121 3541; x_wconf 78' lang='lat' dir='ltr'><strong>sut?</strong></span> <span class='ocrx_word' id='word_1_463' title='bbox 156 3491 196 3541; x_wconf 89' lang='lat' dir='ltr'><strong>Et</strong></span> <span class='ocrx_word' id='word_1_464' title='bbox 213 3490 270 3542; x_wconf 86' lang='lat' dir='ltr'><strong>hoc</strong></span> <span class='ocrx_word' id='word_1_465' title='bbox 287 3497 329 3541; x_wconf 78' lang='lat' dir='ltr'><strong>est</strong></span> <span class='ocrx_word' id='word_1_466' title='bbox 345 3492 420 3558; x_wconf 87' lang='lat' dir='ltr'><strong>quod</strong></span> <span class='ocrx_word' id='word_1_467' title='bbox 436 3506 519 3558; x_wconf 87' lang='lat' dir='ltr'><strong>supra</strong></span> <span class='ocrx_word' id='word_1_468' title='bbox 537 3490 589 3542; x_wconf 89' lang='lat' dir='ltr'><strong>ait:</strong></span> <span class='ocrx_word' id='word_1_469' title='bbox 613 3488 753 3541; x_wconf 80' lang='lat' dir='ltr'><strong>Hostibus</strong></span> <span class='ocrx_word' id='word_1_470' title='bbox 771 3495 938 3561; x_wconf 69' lang='lat' dir='ltr'><strong>insultans]</strong></span> <span class='ocrx_word' id='word_1_471' title='bbox 957 3521 991 3533; x_wconf 62' lang='grc' dir='ltr'><strong>ο-</strong></span> <span class='ocrx_word' id='word_1_472' title='bbox 1026 3499 1087 3554; x_wconf 79' lang='grc'><strong>364.</strong></span> 
     </span>
    </p>

    <p class='ocr_par' dir='ltr' id='par_1_29' title="bbox 10 3557 1088 3747">
     <span class='ocr_line' id='line_1_47' title="bbox 10 3557 1088 3631; baseline 0.004 -20"><span class='ocrx_word' id='word_1_473' title='bbox 10 3586 14 3595; x_wconf 89' lang='grc'><em>·</em></span> <span class='ocrx_word' id='word_1_474' title='bbox 53 3557 188 3611; x_wconf 69' lang='lat' dir='ltr'><strong>lernaei:</strong></span> <span class='ocrx_word' id='word_1_475' title='bbox 212 3561 295 3627; x_wconf 74' lang='lat' dir='ltr'><strong>equi,-</strong></span> <span class='ocrx_word' id='word_1_476' title='bbox 320 3560 437 3626; x_wconf 83' lang='lat' dir='ltr'><strong>ferocis,</strong></span> <span class='ocrx_word' id='word_1_477' title='bbox 460 3561 508 3628; x_wconf 90' lang='lat' dir='ltr'><strong>qui</strong></span> <span class='ocrx_word' id='word_1_478' title='bbox 532 3559 614 3611; x_wconf 79' lang='lat' dir='ltr'><strong>facile</strong></span> <span class='ocrx_word' id='word_1_479' title='bbox 637 3561 736 3612; x_wconf 85' lang='lat' dir='ltr'><strong>ster&#39;nit</strong></span> <span class='ocrx_word' id='word_1_480' title='bbox 761 3561 912 3614; x_wconf 85' lang='lat' dir='ltr'><strong>sedentem.</strong></span> <span class='ocrx_word' id='word_1_481' title='bbox 953 3563 1088 3631; x_wconf 85' lang='lat' dir='ltr'><strong>[Quidem</strong></span> 
     </span>
     <span class='ocr_line' id='line_1_48' title="bbox 44 3627 1088 3747; baseline 0.007 -68"><span class='ocrx_word' id='word_1_482' title='bbox 44 3636 96 3747; x_wconf 55' lang='grc' dir='ltr'><strong>ἕο</strong></span> <span class='ocrx_word' id='word_1_483' title='bbox 111 3629 213 3696; x_wconf 82' lang='lat' dir='ltr'><strong>pauidi</strong></span> <span class='ocrx_word' id='word_1_484' title='bbox 231 3627 386 3696; x_wconf 82' lang='lat' dir='ltr'><strong>accipiunt3</strong></span> <span class='ocrx_word' id='word_1_485' title='bbox 410 3631 585 3681; x_wconf 82' lang='lat' dir='ltr'><strong>consternati</strong></span> <span class='ocrx_word' id='word_1_486' title='bbox 610 3629 685 3680; x_wconf 87' lang='lat' dir='ltr'><strong>enim</strong></span> <span class='ocrx_word' id='word_1_487' title='bbox 711 3629 774 3698; x_wconf 87' lang='lat' dir='ltr'><strong>equi</strong></span> <span class='ocrx_word' id='word_1_488' title='bbox 792 3629 940 3698; x_wconf 68' lang='lat' dir='ltr'><strong>dicuntur]</strong></span> <span class='ocrx_word' id='word_1_489' title='bbox 958 3659 991 3672; x_wconf 90' lang='lat'><strong>·-</strong></span> <span class='ocrx_word' id='word_1_490' title='bbox 1027 3640 1088 3691; x_wconf 80' lang='grc'><strong>365.</strong></span> 
     </span>
    </p>

    <p class='ocr_par' dir='ltr' id='par_1_30' title="bbox 10 3697 1089 3763">
     <span class='ocr_line' id='line_1_49' title="bbox 10 3697 1089 3763; baseline 0.008 -18"><span class='ocrx_word' id='word_1_491' title='bbox 10 3738 12 3745; x_wconf 70' lang='grc'><strong>,</strong></span> <span class='ocrx_word' id='word_1_492' title='bbox 73 3699 138 3751; x_wconf 83' lang='lat' dir='ltr'><strong>doni</strong></span> <span class='ocrx_word' id='word_1_493' title='bbox 155 3698 280 3763; x_wconf 74' lang='lat' dir='ltr'><strong>Boreae;</strong></span> <span class='ocrx_word' id='word_1_494' title='bbox 301 3697 417 3762; x_wconf 68' lang='lat' dir='ltr'><strong>Edam,</strong></span> <span class='ocrx_word' id='word_1_495' title='bbox 440 3699 562 3754; x_wconf 82' lang='lat' dir='ltr'><strong>Thracii.</strong></span> <span class='ocrx_word' id='word_1_496' title='bbox 596 3699 669 3748; x_wconf 86' lang='lat' dir='ltr'><strong>Nam</strong></span> <span class='ocrx_word' id='word_1_497' title='bbox 686 3698 767 3749; x_wconf 86' lang='lat' dir='ltr'><strong>Edon</strong></span> <span class='ocrx_word' id='word_1_498' title='bbox 786 3714 866 3750; x_wconf 89' lang='lat' dir='ltr'><strong>mons</strong></span> <span class='ocrx_word' id='word_1_499' title='bbox 886 3710 926 3751; x_wconf 87' lang='lat' dir='ltr'><strong>est</strong></span> <span class='ocrx_word' id='word_1_500' title='bbox 943 3702 1089 3760; x_wconf 81' lang='lat' dir='ltr'><strong>Thraciae,</strong></span> 
     </span>
    </p>

    <p class='ocr_par' dir='ltr' id='par_1_31' title="bbox 10 3763 1089 3836">
     <span class='ocr_line' id='line_1_50' title="bbox 10 3763 1089 3836; baseline 0.003 -17"><span class='ocrx_word' id='word_1_501' title='bbox 10 3787 13 3809; x_wconf 75' lang='grc' dir='ltr'><em>τ</em></span> <span class='ocrx_word' id='word_1_502' title='bbox 54 3763 114 3820; x_wconf 75' lang='lat' dir='ltr'><strong>Seue</strong></span> <span class='ocrx_word' id='word_1_503' title='bbox 135 3768 301 3832; x_wconf 85' lang='lat' dir='ltr'><strong>sciendum,</strong></span> <span class='ocrx_word' id='word_1_504' title='bbox 323 3767 376 3819; x_wconf 90' lang='lat' dir='ltr'><strong>hoc</strong></span> <span class='ocrx_word' id='word_1_505' title='bbox 400 3766 461 3818; x_wconf 91' lang='lat' dir='ltr'><strong>loco</strong></span> <span class='ocrx_word' id='word_1_506' title='bbox 487 3784 591 3820; x_wconf 85' lang='lat' dir='ltr'><strong>errasse</strong></span> <span class='ocrx_word' id='word_1_507' title='bbox 614 3767 772 3832; x_wconf 80' lang='lat' dir='ltr'><strong>Donatum,</strong></span> <span class='ocrx_word' id='word_1_508' title='bbox 804 3769 852 3836; x_wconf 87' lang='lat' dir='ltr'><strong>qui</strong></span> <span class='ocrx_word' id='word_1_509' title='bbox 878 3769 960 3834; x_wconf 88' lang='lat' dir='ltr'><strong>dicit,</strong></span> <span class='ocrx_word' id='word_1_510' title='bbox 982 3771 1089 3822; x_wconf 80' lang='lat' dir='ltr'><strong>Edonii</strong></span> 
     </span>
    </p>

    <p class='ocr_par' dir='ltr' id='par_1_32' title="bbox 10 3833 1089 3905">
     <span class='ocr_line' id='line_1_51' title="bbox 10 3833 1089 3905; baseline 0.004 -19"><span class='ocrx_word' id='word_1_511' title='bbox 10 3851 16 3886; x_wconf 85' lang='lat'>:</span> <span class='ocrx_word' id='word_1_512' title='bbox 55 3833 200 3903; x_wconf 62' lang='lat' dir='ltr'><strong>huardum,</strong></span> <span class='ocrx_word' id='word_1_513' title='bbox 217 3844 250 3887; x_wconf 90' lang='lat' dir='ltr'><strong>ut</strong></span> <span class='ocrx_word' id='word_1_514' title='bbox 267 3838 302 3887; x_wconf 86' lang='lat' dir='ltr'><strong>do</strong></span> <span class='ocrx_word' id='word_1_515' title='bbox 320 3835 411 3887; x_wconf 86' lang='lat' dir='ltr'><strong>brevis</strong></span> <span class='ocrx_word' id='word_1_516' title='bbox 427 3836 462 3887; x_wconf 89' lang='lat' dir='ltr'><strong>sit</strong></span> <span class='ocrx_word' id='word_1_517' title='bbox 478 3837 632 3888; x_wconf 90' lang='lat' dir='ltr'><strong>secundum</strong></span> <span class='ocrx_word' id='word_1_518' title='bbox 646 3836 792 3889; x_wconf 83' lang='lat' dir='ltr'><strong>Lucanum</strong></span> <span class='ocrx_word' id='word_1_519' title='bbox 810 3839 857 3905; x_wconf 78' lang='lat' dir='ltr'><strong>qui</strong></span> <span class='ocrx_word' id='word_1_520' title='bbox 874 3837 941 3888; x_wconf 84' lang='lat' dir='ltr'><strong>dicit</strong></span> <span class='ocrx_word' id='word_1_521' title='bbox 953 3845 988 3904; x_wconf 80' lang='lat'><strong>(1,</strong></span> <span class='ocrx_word' id='word_1_522' title='bbox 1003 3839 1089 3901; x_wconf 75' lang='lat'>(575.):</span> 
     </span>
    </p>

    <p class='ocr_par' dir='ltr' id='par_1_33' title="bbox 10 3902 1091 3975">
     <span class='ocr_line' id='line_1_52' title="bbox 10 3902 1091 3975; baseline 0.005 -20"><span class='ocrx_word' id='word_1_523' title='bbox 10 3931 15 3965; x_wconf 86' lang='lat'><strong>;</strong></span> <span class='ocrx_word' id='word_1_524' title='bbox 57 3902 152 3958; x_wconf 77' lang='lat' dir='ltr'><strong>Edonis</strong></span> <span class='ocrx_word' id='word_1_525' title='bbox 178 3906 296 3974; x_wconf 77' lang='lat' dir='ltr'><strong>Ogygio</strong></span> <span class='ocrx_word' id='word_1_526' title='bbox 332 3907 456 3957; x_wconf 81' lang='lat' dir='ltr'><strong>decurrit</strong></span> <span class='ocrx_word' id='word_1_527' title='bbox 491 3908 573 3971; x_wconf 81' lang='lat' dir='ltr'><strong>pleno</strong></span> <span class='ocrx_word' id='word_1_528' title='bbox 598 3903 702 3972; x_wconf 81' lang='lat' dir='ltr'><strong>Lyaeo.</strong></span> <span class='ocrx_word' id='word_1_529' title='bbox 751 3904 879 3972; x_wconf 81' lang='lat' dir='ltr'><strong>Namque</strong></span> <span class='ocrx_word' id='word_1_530' title='bbox 908 3916 1017 3967; x_wconf 85' lang='lat' dir='ltr'><strong>certum</strong></span> <span class='ocrx_word' id='word_1_531' title='bbox 1042 3917 1091 3975; x_wconf 87' lang='lat' dir='ltr'><strong>est,</strong></span> 
     </span>
    </p>

    <p class='ocr_par' dir='ltr' id='par_1_34' title="bbox 10 3972 1090 4040">
     <span class='ocr_line' id='line_1_53' title="bbox 10 3972 1090 4040; baseline 0.003 -15"><span class='ocrx_word' id='word_1_532' title='bbox 10 3996 14 4025; x_wconf 71' lang='grc' dir='ltr'><em>ε</em></span> <span class='ocrx_word' id='word_1_533' title='bbox 83 3976 166 4028; x_wconf 83' lang='lat' dir='ltr'><strong>stolen</strong></span> <span class='ocrx_word' id='word_1_534' title='bbox 182 3976 283 4029; x_wconf 85' lang='lat' dir='ltr'><strong>fecisse</strong></span> <span class='ocrx_word' id='word_1_535' title='bbox 302 3974 457 4026; x_wconf 84' lang='lat' dir='ltr'><strong>Lucanum.</strong></span> <span class='ocrx_word' id='word_1_536' title='bbox 492 3975 570 4026; x_wconf 91' lang='lat' dir='ltr'><strong>Unde</strong></span> <span class='ocrx_word' id='word_1_537' title='bbox 587 3973 682 4025; x_wconf 82' lang='lat' dir='ltr'><strong>Edoni</strong></span> <span class='ocrx_word' id='word_1_538' title='bbox 698 3972 847 4040; x_wconf 81' lang='lat' dir='ltr'><strong>legendum</strong></span> <span class='ocrx_word' id='word_1_539' title='bbox 865 3982 919 4038; x_wconf 89' lang='lat' dir='ltr'><strong>est,</strong></span> <span class='ocrx_word' id='word_1_540' title='bbox 943 3984 974 4026; x_wconf 89' lang='lat' dir='ltr'><strong>ut</strong></span> <span class='ocrx_word' id='word_1_541' title='bbox 991 3980 1026 4029; x_wconf 89' lang='lat' dir='ltr'><strong>sit</strong></span> <span class='ocrx_word' id='word_1_542' title='bbox 1043 3978 1090 4028; x_wconf 79' lang='lat' dir='ltr'><strong>hie</strong></span> 
     </span>
    </p>

    <p class='ocr_par' dir='ltr' id='par_1_35' title="bbox 82 4038 1105 4114">
     <span class='ocr_line' id='line_1_54' title="bbox 82 4038 1105 4114; baseline 0.005 -18"><span class='ocrx_word' id='word_1_543' title='bbox 82 4062 179 4114; x_wconf 53' lang='lat' dir='ltr'><strong>,snum</strong></span> <span class='ocrx_word' id='word_1_544' title='bbox 195 4044 289 4097; x_wconf 75' lang='lat' dir='ltr'><strong>liuius</strong></span> <span class='ocrx_word' id='word_1_545' title='bbox 306 4038 410 4097; x_wconf 75' lang='lat' dir='ltr'><strong>Edoni.</strong></span> <span class='ocrx_word' id='word_1_546' title='bbox 444 4043 544 4098; x_wconf 85' lang='lat' dir='ltr'><strong>Statius</strong></span> <span class='ocrx_word' id='word_1_547' title='bbox 556 4038 591 4095; x_wconf 73' lang='lat' dir='ltr'><strong>&#39;et</strong></span> <span class='ocrx_word' id='word_1_548' title='bbox 606 4042 755 4114; x_wconf 82' lang='lat' dir='ltr'><strong>Virgilium</strong></span> <span class='ocrx_word' id='word_1_549' title='bbox 776 4050 804 4098; x_wconf 90' lang='lat' dir='ltr'><strong>et</strong></span> <span class='ocrx_word' id='word_1_550' title='bbox 821 4050 913 4101; x_wconf 78' lang='lat' dir='ltr'><strong>artem</strong></span> <span class='ocrx_word' id='word_1_551' title='bbox 930 4055 1044 4101; x_wconf 72' lang='lat' dir='ltr'><strong>sentitus</strong></span> <span class='ocrx_word' id='word_1_552' title='bbox 1060 4048 1105 4102; x_wconf 70' lang='lat' dir='ltr'><strong>eit</strong></span> 
     </span>
    </p>
   </div>
   <div class='ocr_carea' id='block_1_3' title="bbox 0 0 1223 4506">
    <p class='ocr_par' dir='ltr' id='par_1_36' title="bbox 0 0 1223 4506">
     <span class='ocr_line' id='line_1_55' title="bbox 0 0 1223 4506; baseline 0 0"><span class='ocrx_word' id='word_1_553' title='bbox 0 0 1223 4506; x_wconf 95' lang='lat' dir='ltr'><strong> </strong></span> 
     </span>
    </p>
   </div>
  </div>
 </body>
</html>
