2288 4514
126 286 160 327 m
183 235 345 329 naon.
367 208 539 330 sanam.
561 265 641 351 im.
662 220 719 346 xi,
735 240 932 342 ιιι-ιιι.
989 277 1048 363 ss

62 465 87 502 es
99 448 272 518 Diomedem,
288 453 366 521 qrrasi
382 466 428 505 res
444 466 548 521 magna
565 451 593 506 ei
610 450 770 522 contigerit,
786 454 834 524 qui
849 457 935 510 talem
951 456 1044 510 virum
1128 470 1131 481 ·

62 520 112 571 erit
145 520 216 573 Sane
238 518 298 585 hic]
323 529 371 573 aut
387 521 553 576 Diomedem
576 521 742 590 legendum,
766 531 798 576 ut
814 524 849 575 sit
864 525 979 578 Latinus
996 542 1043 580 ac·

62 589 154 652 atinus,
174 598 202 641 et
218 586 375 640 admittitur
393 590 522 658 Eclipais,
539 597 582 642 ut:
599 589 725 642 Multum
743 591 791 643 ilia
810 604 835 643 rt
852 596 937 645 terris
954 597 1042 647 iactu·
1122 592 1124 596 ’

62 669 103 706 ·ιι
125 659 191 708 ulra.
233 660 287 708 Aut
310 659 333 710 si
357 657 498 710 Graecum
521 660 713 711 accusativum
743 661 836 713 iacere
866 663 1043 732 voluerimus,

62 727 141 776 suade
165 727 290 794 legatur,
319 734 351 777 ut
374 728 457 793 possit
480 728 541 779 lieri
568 727 751 832 synaloepha:
781 728 853 779 sicut
875 734 924 797 (9,
946 733 1040 796 39o,):

62 795 128 861 ryala
155 797 275 864 inpiis,
304 813 359 863 quo
383 807 408 845 te
435 800 546 863 regione
571 797 686 864 reliqui.
729 793 758 846 Si
774 804 867 848 autem
884 797 1043 852 Diomeden

62 864 169 928 erimus,
185 880 236 914 nec
255 863 387 914 Latinum
405 873 460 930 est,
483 882 535 916 nec
553 864 709 929 Graecum,
731 879 783 916 nac
801 879 893 920 versus
909 871 1040 922 consistit.

62 949 153 999 nquam
171 933 248 983 enim
266 931 380 1000 Eclipsis
397 931 428 983 iit
444 949 494 1002 per
513 951 531 982 n
548 931 668 986 literam.
702 933 810 985 Tamen
827 934 926 1003 melius
943 944 992 1001 eat,
1008 943 1040 990 ut

62 1001 140 1050 »mede
157 999 291 1068 legamus,
308 1009 338 1051 ut
354 1005 388 1052 sit
401 1001 523 1054 Graecus
537 1002 718 1062 accusativum
735 1001 849 1055 nomina
863 1004 940 1057 enim
952 1002 1041 1060 Graa-

1096 754 1105 781 t

62 1068 130 1135 ἰιιηι
147 1069 289 1134 exeuntia,
312 1085 384 1137 quae
408 1071 561 1139 genitivum
582 1072 613 1120 in
637 1085 679 1122 eor
696 1069 829 1151 mittunt,
852 1085 903 1140 per
926 1072 1040 1144 plenam
1090 1088 1096 1106 ⁸

62 1140 201 1202 tutionem,
219 1152 284 1187 cum
301 1137 421 1190 eundern
438 1155 533 1191 cassim
549 1156 600 1217 per
617 1137 779 1208 synaeresin
796 1157 826 1192 m
843 1154 888 1194 ovs
904 1144 1041 1212 miserint,

62 1209 185 1258 maurum
210 1205 241 1257 in
264 1223 282 1271 η
306 1207 419 1259 mittant
440 1224 550 1261 necesse
575 1216 628 1260 est:
650 1207 713 1259 ideo
737 1207 802 1275 quia
819 1225 885 1260 cum
907 1218 1039 1266 naturam

62 1289 80 1324 n
95 1280 221 1339 servant,
236 1276 422 1326 accusativum
438 1275 468 1326 in
484 1276 609 1327 vocalem
626 1276 748 1340 mittunt,
764 1291 821 1328 non
838 1277 873 1329 in
884 1292 1038 1336 consonan-

68 1362 75 1396 ε
105 1353 133 1397 et
157 1342 238 1429 [iam]
264 1343 350 1396 dehet
373 1343 527 1396 Snaeresis
552 1344 732 1421 plenitudinis
758 1359 868 1399 servare
891 1349 1039 1405 rationem.

63 1430 125 1466 ecce
150 1433 165 1464 ο
189 1405 344 1480 Διομήδης,
371 1362 452 1479 plena
478 1412 625 1464 declinatio
649 1420 705 1471 ast:
736 1407 787 1466 rol
811 1411 974 1484 disposisitos,
999 1415 1039 1488 aqi

63 1478 148 1548 ιη’διῖ,
175 1477 225 1533 adu
242 1477 389 1550 Διομήδεα.
423 1472 653 1548 Per¹Synaeresiu
670 1489 765 1533 autem
781 1484 848 1535 iacit
864 1480 915 1539 τοῦ
930 1485 1037 1558 Διομή-

70 1593 77 1616 ,
94 1548 134 1618 τῷ
151 1546 301 1618 Διομήδει,
326 1545 374 1602 τόν
390 1542 523 1616 Διομήδη.
558 1551 633 1618 Ergo
650 1550 697 1600 hic
714 1553 880 1604 accusativus
896 1555 959 1607 ideo
975 1560 1006 1610 in
1023 1573 1038 1611 r

63 1636 141 1686 ,aion
159 1621 189 1672 in
208 1638 260 1671 cn.-
279 1618 344 1688 quia
360 1635 424 1670 cum
440 1619 581 1686 integrum
598 1626 640 1670 est
656 1618 846 1686 hecnam-211,
862 1622 892 1676 in
909 1640 951 1678 tos
968 1627 1036 1682 exii:

63 1689 144 1742 rescit
161 1689 221 1758 eins
238 1688 382 1757 genitivus.
416 1687 444 1737 Si
461 1689 537 1739 enim
550 1683 730 1755 -ἰοοσὺλλὰβοι
752 1688 788 1738 sit
804 1693 973 1747 nominativo
992 1693 1037 1763 (al.

63 1757 227 1823 ‚inatiuus),
243 1756 427 1807 accusativum
445 1756 474 1807 in
492 1775 525 1822 ην
542 1757 642 1807 mittit:
658 1774 709 1809 nac
726 1756 812 1808 habet
828 1775 842 1808 s
861 1759 889 1812 in
907 1764 1051 1832 genitivo,
1123 1814 1133 1825 ,

63 1822 224 1890 ιοοιιοδίδης,
251 1820 300 1878 τοῦ
319 1821 492 1890 Θουκυδίδου,
517 1821 566 1878 τὸν
584 1821 756 1891 Θουκυδίδην.
791 1826 864 1878 Nam
880 1828 1037 1885 Diomedes

76 1900 104 1948 in
121 1895 247 1964 genitivo
264 1913 278 1946 s
294 1894 394 1958 habet,
411 1895 477 1961 qiua
494 1903 523 1946 et
540 1909 605 1944 cum
622 1895 762 1962 integrtun
780 1901 829 1965 est,
845 1904 873 1949 et
888 1895 1037 1967 Διομήδεος

63 1965 180 2032 ;‚habet
197 1980 213 2014 s
229 1970 436 2014 consonantem.
452 1989 486 1999 -
521 1968 583 2020 244.
602 1964 693 2014 Cosus
719 1979 839 2028 omnesp
853 1965 961 2021 itineris
984 1971 1037 2023 sci·
1109 1992 1111 2003 ·

63 2071 67 2085 .
101 2035 139 2086 Et
162 2032 236 2084 bene
259 2031 393 2083 vilitatem
416 2030 589 2097 singularum
611 2048 710 2083 rerum
733 2030 912 2098 generalitate
935 2036 1036 2111 sitavit,

63 2101 165 2154 diceret
187 2099 340 2164 Flumina,
372 2101 496 2150 latrones
521 2108 549 2152 et
572 2106 673 2152 cetera.
714 2100 804 2166 [Mira
828 2111 923 2157 autern
946 2107 1035 2161 multa
1089 2126 1101 2143 ·=

63 2179 127 2238 gesta
146 2187 182 2223 ne
202 2170 288 2237 possit
305 2169 339 2220 de
360 2166 517 2237 legatorum
535 2169 639 2220 desidia
656 2168 743 2236 queri.
761 2194 793 2232 ή-
828 2174 1036 2244 245.comig1·.
1121 2182 1126 2193 ¹

63 2258 112 2306 que
140 2253 273 2300 munum;
305 2237 377 2291 bene
401 2237 479 2305 quasi
502 2236 636 2289 divinam:
659 2238 712 2302 sic,
741 2234 885 2306 Vidimus,
911 2258 926 2294 ο
953 2241 1054 2315 ciues,'
1094 2240 1097 2247 ’

63 2306 182 2373 nedem]
219 2306 283 2373 Qua
302 2308 426 2358 concidit
441 2306 497 2356 llio
516 2306 615 2370 tellus,·
633 2301 789 2374 ι’,ιιφατικοῖι
805 2307 878 2375 dixit,
893 2313 1035 2378 pro'urlss
1090 2346 1095 2353 ·

94 2378 171 2429 Nam
189 2384 266 2427 terra
287 2391 344 2426 non
368 2375 501 2438 concidit,
524 2374 572 2425 sed
594 2377 688 2427 civitas
704 2372 816 2444 [Ilium]
833 2400 867 2414 -
901 2384 1034 2438 246..A‚·.

63 2464 163 2514 ppam;
189 2443 340 2496 Diomedes
365 2445 418 2495 fuit
434 2443 468 2494 de
492 2443 600 2494 civitate
624 2442 895 2513 quaeArgosippi'on
918 2448 1033 2506 dicitur=

66 2533 101 2568 ua
118 2517 259 2566 Homerus
270 2507 374 2580 ”Appos
391 2507 561 2579 s‘rrnofloroio.
596 2512 725 2564 Horatius
742 2515 844 2578 Aprum
864 2515 935 2568 dicet
952 2522 1033 2586 equis
1064 2559 1069 2570 t

63 2603 92 2636 ιι.
128 2584 181 2634 Hic
199 2580 228 2632 in
247 2584 343 2652 Apulia
360 2581 482 2632 condidit
499 2582 652 2644 civitatem,
666 2596 760 2650 quam
796 2587 883 2635 atriae
901 2601 966 2638 suae
980 2582 1033 2640 'no-

63 2672 70 2705 ι
92 2650 255 2722 appellavit,
282 2658 310 2703 et
327 2651 419 2718 Argos
437 2645 566 2716 Hippian
590 2651 677 2702 dixit:
706 2649 766 2717 Quo
809 2666 913 2703 nomen
938 2664 1034 2722 postea

63 2728 127 2773 nate
145 2727 310 2789 corruptum
324 2728 380 2784 ast,
405 2728 433 2771 et
455 2719 620 2770 factumest
641 2725 672 2769 ut
689 2717 794 2783 civitas,
817 2718 977 2790 Argyrippa
993 2724 1034 2778 di.

63 2798 121 2841 tur:
148 2787 221 2855 quod
246 2803 340 2838 rursus
356 2796 536 2856 corruptum,
560 2788 652 2855 Arpos
676 2787 760 2846 fecit,
785 2785 867 2854 [Sane
884 2789 1033 2848 Diomedes

64 2876 95 2910 as
120 2855 276 2907 condidisse
302 2873 353 2926 per
376 2857 506 2925 Apuliam
529 2854 630 2906 dicitnr
653 2855 789 2920 civitates,
821 2861 852 2905 ut
875 2858 1033 2930 Venusiam,
1096 2887 1101 2896 ·
1128 2912 1131 2926 ,

63 2945 80 2978 n
97 2927 129 2978 in
146 2925 363 2977 satisfactionem
380 2925 510 2989 Veneris,
535 2924 609 2991 quod
633 2924 693 2975 eins
717 2923 760 2975 ira
777 2922 852 2974 sedes
868 2928 975 2994 patrias
989 2929 1032 2984 in.
1070 2988 1081 2994 ,

63 3015 86 3049 re
100 3011 170 3048 ,non
196 3001 319 3063 poterat,
343 2994 480 3055 condidit,
503 3008 574 3060 quae
596 2989 761 3059 Aphrodisia
784 2990 856 3045 dicta
880 3003 928 3047 est.
960 2990 1033 3054 Item

64 3064 149 3116 isium
163 3061 358 3130 cynegeticon,
375 3062 448 3130 quod
465 3061 494 3113 in
513 3077 546 3114 eo
562 3061 624 3112 loco
638 3060 732 3111 venari
746 3058 838 3110 solitus
856 3072 925 3116 erat·
957 3065 1031 3121 Nam

64 3147 208 3199 arganum
226 3148 243 3182 a
260 3131 395 3199 Phrygiae
413 3137 508 3181 monte
524 3130 652 3197 Gargara
668 3127 781 3203 vocavit,
798 3136 827 3181 et
842 3131 1036 3190 Beneventum.

64 3202 200 3255 'enalrum
223 3198 259 3251 ab
282 3213 315 3250 eo
340 3200 450 3251 condita
473 3215 531 3251 esse
556 3195 708 3260 dicuntsic]
732 3222 764 3234 -
808 3202 882 3256 247:
894 3199 1028 3273 (Victorg

64 3268 151 3340 igue.)
189 3264 320 3336 Gargani
343 3270 478 3320 condebat
495 3267 615 3334 Iapygis
638 3270 733 3328 uruis3
756 3264 877 3335 iapygio
889 3286 965 3348 ‘para
978 3283 1031 3327 >eet

64 3342 122 3404 iae,
144 3353 175 3389 sn
194 3345 305 3405 quaest
327 3352 407 3387 mons
425 3338 584 3402 Garganus,
608 3334 774 3401 [imminens
789 3336 949 3414 Sipontinae
965 3341 1044 3396 civi:

66 3407 77 3474 J
101 3406 154 3476 qui
177 3423 227 3476 per
245 3405 405 3459 Calabriam
421 3414 508 3473 ‘usque
531 3406 560 3454 in
577 3403 747 3455 Adriaticum
770 3405 892 3456 tenditur
908 3409 969 3478 pela

64 3493 123 3530 mus
147 3477 197 3540 (5,
214 3476 300 3537 380)τ
325 3476 434 3541 Apulus
452 3473 592 3523 Adriacas
611 3476 673 3524 erit
692 3471 846 3539 Garganus
870 3477 901 3525 in
927 3494 965 3528 un
987 3496 1028 3532 as.

64 3546 130 3614 guni
155 3552 250 3601 autem
272 3545 391 3611 Iapygis
413 3544 503 3611 figura
526 3549 581 3606 est,
603 3558 655 3612 pro
674 3539 806 3608 Gargani
830 3541 953 3613 Iapygii.
992 3549 1046 3609 Et,

80 3621 124 3668 ast
139 3612 252 3681 iapygia
267 3614 396 3680 Apuliae,
421 3627 508 3679 aqua
532 3619 560 3662 et
575 3612 658 3679 Iapyx
681 3618 775 3662 ventus
800 3619 841 3664 est
862 3615 1030 3684 nominatus,
1076 3636 1080 3645 ’

64 3701 144 3754 {uam
162 3683 251 3750 iapyx
270 3682 384 3747 delatus,
401 3680 474 3733 unde
491 3679 529 3731 sic
545 3676 781 3744 nominetusest]
814 3679 887 3731 Nam
905 3683 1026 3752 Iapydia

64 3755 127 3807 ,tiae
143 3752 222 3819 regio
239 3758 280 3804 est
296 3752 332 3803 ab
350 3751 452 3821 oppido
469 3749 549 3801 dicta.
584 3749 664 3801 Unde.
679 3754 721 3799 est
737 3748 782 3811 (G.
800 3751 928 3812 aaran
947 3753 1028 3806 Tune

64 3844 66 3867 ;
89 3824 190 3874 aerias
213 3821 295 3888 Alpes
326 3832 352 3872 et
374 3820 483 3872 Norica
508 3821 536 3869 si
559 3820 625 3886 quis
650 3817 771 3867 Castalia
799 3818 831 3867 in
855 3823 975 3874 tumulis
999 3833 1028 3876 ct

64 3895 110 3944 dis
129 3905 201 3942 arua
220 3888 357 3952 rimavi„
375 3888 486 3958 [sedin
505 3885 637 3955 Gargani
653 3885 812 3936 summitate
829 3883 884 3938 duo
901 3891 1028 3960 sepulcra

78 3963 212 4015 dicuntur
238 3955 359 4011 fratrum
381 3959 515 4022 duorum,
542 3970 662 4024 quorum
691 3969 756 4005 cum
777 3954 1029 4027 maior'virgimm
1100 3988 1108 3998 ,

64 4031 131 4086 dam
147 4027 352 4098 despondisset,
377 4034 407 4079 at
429 4039 493 4081 eam
519 4027 613 4078 minor
634 4025 725 4077 irater
742 4029 891 4077 conaretur
907 4029 1027 4096 auferre,

789 4138 829 4199 2·
