2424 4506
161 310 166 318 ·
237 310 273 352 a
297 254 927 365 viua11..auc0r.v1n‚7s-so.
1046 293 1111 357 sss

85 490 189 545 tamem
206 474 401 540 continentur,
418 483 448 525 ut
464 474 584 533 Parrasi
599 474 715 536 Furiae:
731 474 863 527 Hercules
880 474 965 527 etiam
981 472 1112 525 trinoctio

67 554 237 615 tmueeptus3
266 546 364 597 Musae
393 551 502 595 ternae:
536 551 584 595 sut
612 542 715 610 impari
746 542 1114 611 quemadmodumcumque:

89 628 141 665 um
164 622 273 682 septem
291 612 428 678 chordae,
450 620 558 681 septem
582 612 724 681 planetae,
746 621 853 681 septem
871 614 928 663 dies
952 612 1111 662 nominibus

91 670 206 749 hrum,
222 690 331 753 septem
348 682 442 733 stellae
459 682 487 731 in
507 680 716 751 Septentriona,
733 688 763 732 et
780 682 866 732 multa
883 682 925 732 his
943 679 1058 732 similia:
1083 687 1112 731 et
1175 692 1180 703 ‘

91 746 165 821 hepar
181 767 318 804 numerus
335 750 515 813 immortalis,
540 752 604 817 quia
622 750 705 801 dividi
730 749 838 816 integer
856 766 913 801 non
931 757 1036 817 potest,
1059 764 1110 817 par

92 834 204 873 wmarus
221 820 365 883 mortalis,
388 819 452 889 quia
471 818 553 869 dividi
574 826 677 884 potest,
701 817 766 869 licet
785 822 869 869 Varro
887 817 1112 885 dicaththago·

92 902 138 939 reos
152 896 265 960 putare,
288 890 427 959 imparem
441 902 601 938 munierum
625 887 730 939 habere
753 888 854 951 tinem,
877 902 976 956 parem
994 901 1051 943 csse
1068 903 1111 937 ru-

94 952 196 1020 deitum3
219 956 284 1009 ideo
309 956 437 1009 medendi
462 972 545 1008 causa
569 956 774 1022 multarumque
799 971 896 1007 rerum
919 956 1041 1024 impares
1059 970 1111 1005 nu·

95 1038 166 1093 nuos
180 1024 306 1091 servari]
339 1026 450 1092 impare
467 1031 561 1075 autem
577 1031 692 1093 propter
709 1033 832 1075 matrum
849 1024 896 1076 ait.
919 1023 992 1074 Nam
1009 1024 1044 1074 ah
1059 1022 1112 1074 hac

96 1094 180 1161 inpari
195 1090 322 1146 dicimus.
339 1120 373 1131 —
407 1102 450 1151 77.
470 1092 570 1156 Necte5
588 1092 741 1159 coniunge,
757 1102 788 1143 ut
804 1095 842 1143 ita
859 1095 897 1144 im
918 1093 1016 1145 licetur
1032 1106 1112 1143 mene

95 1164 222 1229 matoria,
245 1164 317 1214 sicut
338 1162 518 1229 implicantur
536 1170 564 1213 et
581 1156 781 1212 connectuntur
805 1162 846 1213 illi
863 1112 967 1213 coldres
984 1162 1110 1215 invicem.

96 1228 180 1283 l'riius
213 1233 317 1295 nodis,·
347 1230 559 1299 olfigationibus.
608 1230 714 1281 Ternas
739 1230 819 1282 lanae
846 1232 959 1282 colores.
983 1256 1018 1267 -
1064 1236 1109 1287 78.

96 1300 232 1369 tnaryni:
258 1302 413 1368 [vocativus
437 1296 580 1362 Graecus]
620 1300 694 1349 Haec
718 1298 857 1367 Amarylla
881 1300 938 1352 aius
964 1307 1005 1351 est
1027 1314 1112 1366 quam

96 1366 176 1421 Graeci
192 1368 346 1439 σιῖμμιντιν
363 1368 465 1419 dicunt.
504 1367 635 1431 Veneris,
653 1369 714 1430 dic,
738 1369 854 1418 vincula
875 1380 969 1432 necto‚·
993 1384 1111 1438 anapae-

96 1438 214 1493 timeat
232 1440 360 1491 trimeter
378 1437 637 1505 hypercatalecticus
653 1436 751 1503 [ideo,
766 1437 831 1506 quia
849 1454 903 1489 una
921 1445 1044 1506 superest
1060 1436 1112 1504 syl·

88 1502 158 1574 aba]
197 1510 259 1559 Hoc
284 1516 378 1558 autem
403 1514 525 1557 metrum
551 1515 592 1555 est
617 1504 746 1571 Cupidini
771 1515 971 1559 consecratum.
988 1533 1024 1543 —
1067 1512 1110 1562 80.

95 1570 187 1691 ww
207 1588 239 1625 ut
256 1575 304 1626 hic
324 1577 465 1641 durescit:
488 1590 517 1624 se
535 1574 568 1625 de
590 1573 658 1623 limo
682 1574 763 1638 facit,
785 1573 963 1644 Daphnidem
982 1575 1017 1626 de
1040 1590 1113 1626 cera.

87 1686 92 1693 .
110 1651 190 1698 ecerat
205 1645 255 1713 illa
271 1645 339 1696 duas
355 1644 505 1711 imagines,
528 1642 644 1693 aiteram
663 1658 694 1691 ex
711 1642 794 1707 limo,
821 1645 869 1710 qui
886 1661 917 1695 ex
933 1646 999 1711 igne
1015 1642 1047 1693 tit
1062 1644 1112 1694 dtr-

96 1710 286 1765 amitterem
304 1730 336 1767 ex
352 1729 426 1779 cera,
443 1727 513 1779 quae
530 1711 594 1779 igue
610 1710 735 1761 solvitur:
752 1719 783 1760 ut
800 1712 924 1764 videlicet
940 1729 1018 1763 ruens
1036 1728 1111 1763 arna-

96 1780 145 1833 ari·
170 1783 211 1835 ita
234 1784 395 1833 duresceret
416 1781 452 1832 ad
473 1780 568 1842 illam,
598 1787 779 1846 quamtunc
803 1782 930 1832 amabat:
961 1797 1113 1848 omnesque

85 1846 159 1916 uim
172 1851 245 1902 sicut
261 1850 298 1902 ad
313 1850 408 1919 iguem
426 1848 522 1900 limus:
546 1847 626 1899 etad
644 1862 672 1896 se
689 1847 728 1898 itu
746 1847 900 1901 molliretur
918 1857 945 1900 et
962 1850 1113 1901 solveretur

90 1928 186 1985 'more,
211 1927 244 1969 ut
266 1936 331 1972 cera
348 1914 384 1969 ad
400 1918 496 1985 ignem
519 1914 654 1985 liquescit.
670 1943 704 1953 -
739 1922 782 1974 81.
799 1917 846 1967 Sic
865 1924 959 1970 nostro
979 1918 1113 1983 Daphnis

76 2000 184 2055 :eneref
208 1985 327 2041 subaudi
350 1988 481 2038 durescat
505 1998 531 2035 et
556 1986 707 2051 liquescat:
733 1995 764 2035 ut
786 1987 891 2039 scilicet
908 2004 992 2055 quarn
1009 2006 1043 2057 ap
1064 1987 1115 2038 etit

90 2052 203 2110 wenc
220 2072 268 2109 me
286 2056 376 2128 potius
393 2052 489 2119 amet]
504 2081 540 2091 —
580 2060 623 2110 82.
643 2054 747 2121 Sparge
766 2056 883 2115 molam:
907 2058 951 2108 far
976 2064 1004 2108 et
1019 2006 1113 2108 salem.

68 2178 75 2193 ..
88 2112 146 2189 inor
167 2140 273 2177 nomen
296 2126 331 2177 de
354 2123 439 2175 sacris
464 2132 586 2175 tractum
610 2130 665 2185 est3
688 2125 731 2172 far
749 2124 825 2175 enim
843 2126 937 2195 pium,
959 2124 978 2175 i.
996 2144 1019 2177 e.
1038 2126 1113 2177 mola
1145 2128 1149 2133 '

89 2196 168 2260 hsta,
192 2194 280 2261 salsa,
307 2200 458 2261 utrumqne
483 2191 656 2243 enimidem
680 2190 828 2259 significat,
857 2195 896 2244 ita
920 2194 965 2244 fit:
995 2194 1114 2262 virginea

87 2254 195 2315 Vestales
212 2271 270 2315 tres
287 2262 424 2314 nranimue
443 2276 474 2313 ex
490 2261 577 2311 nonis.
587 2260 668 2310 Maiis
685 2261 720 2310 ad
737 2263 826 2331 pridie
843 2262 905 2313 Idus
916 2262 1013 2328 Maias,
1030 2263 1113 2316 alter·

71 2330 123 2383 tris
141 2332 239 2384 diebus
256 2332 344 2403 spicas
360 2331 483 2399 pedoreas
499 2330 529 2380 in
546 2328 676 2379 corbibus
694 2331 851 2383 messuariis
869 2340 989 2402 ponunt,
1013 2349 1113 2400 easque

83 2400 164 2467 lyricas
180 2401 258 2472 ipsae
275 2398 394 2465 virgines
411 2405 534 2461 torrent,
551 2396 677 2466 pinsunt,
694 2399 810 2462 molunt,
828 2408 909 2467 atque
926 2401 965 2451 ita
983 2401 1114 2453 molitum

84 2468 207 2521 madunt.
242 2470 283 2520 En
302 2484 335 2518 eo
352 2472 429 2519 farre
447 2467 567 2533 virgines
590 2475 633 2516 ter
657 2467 685 2517 in
703 2483 776 2518 anno
795 2470 898 2521 molam
916 2471 1036 2534 faciunt,
1059 2470 1115 2520 Lu-

84 2536 248 2603 pfl'ealibus,
271 2536 437 2601 Vestalibus,
460 2535 552 2585 Idibus
570 2533 793 2602 Septembribus,
816 2538 922 2588 adiecto
946 2538 1001 2589 sale
1027 2546 1115 2607 cocto,

84 2612 112 2657 et
124 2606 178 2658 calc
195 2605 277 2657 duro.
308 2606 396 2673 Igitur
414 2603 486 2673 quod
504 2603 533 2653 in
552 2604 635 2653 sacris
652 2605 726 2655 mola
744 2614 820 2657 casta
837 2607 953 2671 dicitur,
971 2605 1033 2657 ideo
1053 2607 1115 2658 Vir·

83 2672 159 2741 {ilius
181 2676 212 2727 in
235 2674 333 2745 quinto
357 2672 483 2725 Aeneidis
501 2672 586 2740 farre
609 2674 656 2739 pio
681 2675 845 2725 enuntiavit:
877 2674 943 2744 quid
975 2676 1050 2726 enim
1074 2683 1116 2727 est

84 2744 159 2807 pium
175 2742 229 2795 nisi
246 2741 373 2805 castum?
396 2741 528 2810 quoniam
551 2744 631 2806 piare
655 2750 695 2792 est
710 2745 877 2812 propitiare,
900 2744 972 2812 quod
990 2744 1116 2797 accidere

84 2822 138 2863 uon
158 2818 251 2880 potest
273 2812 326 2862 nisi
348 2818 421 2860 caste
445 2809 607 2861 inservitum
632 2810 684 2861 erit
707 2810 789 2861 rebus
813 2812 905 2863 sacris.
945 2812 996 2861 Hic
1020 2819 1115 2865 autem

84 2878 198 2935 &eudo
217 2897 332 2947 asperge
353 2880 471 2940 molam,
493 2894 554 2929 rem
572 2879 661 2946 ipsam
679 2880 793 2948 proprio
811 2880 924 2932 nomine
941 2882 1115 2947 memoravit,

86 2948 154 3001 tarde
168 2950 199 3001 in
215 2950 337 3000 secundo
354 2947 480 2999 Aeneidis
506 2951 605 3011 (tea),
628 2959 652 2998 et
670 2948 763 2997 salsae
779 2947 895 3016 fruges,
918 2956 947 3000 et
968 2949 998 2998 in
1035 2958 1116 3001 uarto

84 3019 171 3137 3117.)
194 3021 289 3085 ipram
315 3014 445 3081 molam]
486 3016 605 3065 Incende
631 3017 769 3067 bitumine
793 3019 908 3079 lauros5
936 3018 954 3069 i.
979 2967 1117 3070 elamor

106 3086 173 3137 'nno
185 3086 253 3155 igne
266 3102 405 3137 consume.
439 3083 512 3134 Nam
528 3083 655 3136 bitumen
669 3101 700 3135 ex
713 3085 830 3137 fulmine
849 3085 949 3137 dicitur
965 3087 1118 3154 procreari.

87 3148 166 3215 Uada,
183 3156 258 3207 iuxta
275 3153 473 3221 Babyloniam,
497 3153 562 3219 quia
586 3152 664 3223 [ibi]
685 3154 841 3220 frequentia
865 3155 968 3206 cadunt
992 3156 1119 3222 fulmina,

88 3216 137 3275 leae
150 3240 183 3275 re
206 3224 284 3275 lactu
306 3222 462 3274 redundant
484 3221 553 3271 adeo
578 3229 609 3271 ut
630 3222 694 3273 inde
716 3222 865 3275 fabricasse
888 3238 983 3273 muros
1000 3222 1119 3277 Semira-

87 3290 137 3343 nla
159 3290 268 3344 dicatur
291 3289 487 3358 (Guelf.1.11.
510 3290 578 3341 adeo
605 3303 636 3340 ut
659 3290 830 3357 refabrioent
853 3289 953 3353 taras).
988 3294 1023 3343 Et
1047 3294 1119 3345 bene

88 3360 157 3429 quod
173 3360 346 3427 conglutinat
363 3366 392 3411 et
409 3356 502 3423 ardet,
529 3359 565 3419 ad
583 3358 747 3411 veneficium
764 3362 930 3424 adsumitur,
956 3369 987 3411 ut
1003 3361 1119 3429 glutine·

87 3434 131 3481 tar
146 3436 176 3481 et
190 3430 289 3481 ardeat
305 3428 340 3479 ad
358 3443 484 3478 amorem
500 3428 625 3481 maritus.
638 3458 672 3469 -
707 3435 751 3486 83.
769 3430 804 3480 In
819 3429 971 3495 Daphnide
987 3432 1119 3493 laurum5

88 3504 134 3547 aut
154 3497 330 3549 Archaismos
353 3505 394 3548 est
417 3511 468 3564 pro
487 3496 518 3545 in
536 3496 734 3562 Daphnidem:
759 3500 807 3550 u'ut
829 3498 1015 3567 intelligamus
1038 3515 1120 3569 supra

88 3562 239 3633 Daphnidis
256 3564 377 3635 effigiem
396 3580 459 3615 eam
476 3564 586 3615 laurum
603 3566 760 3631 incendere,
777 3576 891 3638 propter
909 3568 1028 3618 nominis
1045 3569 1121 3619 sirni-

87 3630 240 3687 litudinam.
256 3660 291 3672 -
325 3638 369 3690 86.
386 3632 514 3697 Bucula,·
538 3633 614 3684 bovis
637 3643 680 3685 est
701 3634 856 3688 diminutio.
892 3636 962 3688 Sane
981 3636 1036 3686 Bos
1054 3652 1121 3689 ano·

86 3702 190 3753 malum
207 3718 312 3755 nomeu
329 3709 377 3756 est.
412 3702 485 3753 Nam
501 3701 548 3752 hic
567 3704 631 3767 hos,
649 3711 677 3755 et
694 3722 709 3754 o
728 3706 779 3756 hos
795 3706 969 3775 producitur:
988 3705 1057 3755 sicut
1074 3704 1120 3756 his

86 3770 193 3836 dubus,
225 3778 256 3824 et
279 3773 313 3821 nh
338 3770 385 3821 his
414 3771 513 3822 bubus.
559 3772 632 3823 Nam
661 3772 761 3840 reliqui
786 3790 882 3824 omnes
906 3790 982 3823 casus
1007 3773 1121 3825 brevem

87 3836 191 3893 habeut
206 3839 339 3909 syllabam
356 3840 487 3910 pristiam.
499 3863 534 3877 ·-
554 3844 614 3897 ¹87.
631 3839 761 3908 Propter,·
778 3843 859 3894 iuxta.
895 3840 1028 3905 Pardua,-
1046 3859 1122 3892 amo-

85 3922 117 3961 re
131 3917 305 3977 consumpta.
322 3934 356 3946 -
391 3906 434 3965 88.
449 3908 543 3976 [Seras
562 3912 689 3961 meminit
707 3912 833 3962 decedere
852 3914 943 3975 nocti;
968 3913 985 3961 i.
1005 3929 1029 3963 e.
1046 3919 1122 3963 tene-

84 3972 154 4029 brae
175 3976 255 4029 illam
281 3976 436 4045 occupant]
452 4004 488 4016 -
529 3982 571 4033 89.
595 3976 653 4028 Nec
677 3980 717 4030 sit
741 3980 813 4030 mihi
837 3997 906 4029 cura
932 3981 1050 4046 mederi3
1075 3988 1124 4031 aut

83 4046 172 4101 nolim
188 4044 219 4101 ei
235 4046 352 4115 magicis
368 4046 475 4098 artibus
491 4042 651 4100 subvenire:
670 4056 718 4100 aut
733 4049 821 4101 nolim
837 4065 903 4102 cum
919 4048 980 4121 ipeo
991 4064 1123 4103 coneum«
