2288 4514
185 268 224 309 a
247 226 407 309 vnort.
430 223 671 324 saonam,
692 230 885 319 css-Ios
922 194 925 199 ¹
987 259 1053 323 sss

84 430 189 497 Mitt,
213 432 312 486 cnicun
352 452 376 486 e.
410 433 447 485 Ut
462 432 664 500 (G.‘1,451.:
687 431 754 485 Non
772 434 825 485 illa
842 436 992 502 quisquam
1008 456 1052 491 ms

61 518 86 553 ‘ae
109 502 169 569 'per
198 504 289 553 altum
312 449 365 555 lib.
389 526 418 539 ··
452 490 517 559 43ῖῖ
533 501 704 569 Nitidusque
730 506 859 562 iuventa;
881 506 951 573 pelle
975 507 1051 560 enim

61 570 139 623 scita
164 562 240 621 redit
260 573 291 623 in
315 580 435 623 aetatem
459 572 592 637 priorem.
615 596 649 608 -·
690 578 752 628 438.
778 570 908 636 Catulos3
941 575 1050 630 abusive

61 652 78 707 ᾗ
117 638 199 690 Nam
216 640 300 691 catuli
317 641 426 709 proprie
444 656 544 690 canum
561 648 631 688 sunt.
652 667 688 677 -
720 646 782 696 440.
799 640 963 692 Morborum
981 661 1049 710 qua.

83 718 112 759 ts
143 724 268 772 causas,-
289 720 319 758 et·
338 711 423 774 signa
448 709 564 769 docebo;
588 709 641 759 trie
668 707 747 772 dicit,
769 709 861 776 signa,
885 713 1050 765 morborum
1061 748 1073 769 ι.

61 790 122 855 με,
152 783 182 829 et
205 776 345 834 remedia:
370 776 417 828 sed
441 792 497 827 non
521 784 610 828 servat
632 777 789 843 legitimum
808 777 942 831 ordinem.
976 780 1049 833 Nam

61 859 64 891 :
90 845 228 898 remedia
261 844 439 911 morborum,
468 845 547 910 signa
571 849 616 908 (et
642 849 752 909 causas)
777 852 989 905 commemorati
1011 878 1048 891 ·-·

61 948 65 963 .
85 912 202 979 Turpis
219 914 344 978 scabiem·
368 931 439 982 quae
457 930 585 979 asperum
610 922 638 964 et
659 923 740 981 turpe
764 914 848 966 efficit
872 932 979 984 corpus.
1013 919 1049 970 Et

61 998 96 1033 ue
115 982 158 1032 ad
176 984 275 1041 aivum
292 985 427 1048 persedrt;
454 981 586 1033 medullas
611 992 716 1037 ctossa
739 985 900 1052 penetravit.
916 1013 951 1022 —
984 989 1048 1045 443.

60 1060 112 1101 tus
139 1050 272 1103 adhaesit
294 1053 398 1115 sudor,·
423 1052 497 1102 lotus
514 1050 577 1115 -(vel
600 1049 712 1112 lavatus)
735 1053 777 1105 vel
801 1054 898 1103 lautus
923 1055 1048 1109 dicimus.

61 1132 71 1167 e
89 1127 138 1171 est
154 1127 185 1171 et
204 1122 312 1170 lautum
330 1138 371 1171 eo.
404 1120 474 1170 Nam
491 1119 557 1169 illud
574 1118 609 1169 ab
626 1120 741 1170 Horatio
760 1119 856 1187 (Serm.
878 1129 908 1186 1,
924 1129 956 1189 6,
975 1125 1045 1187 125.)

60 1202 71 1237 s
95 1188 220 1240 licenter
243 1189 349 1240 dictum
373 1196 427 1238 est:
455 1189 505 1237 Ast
524 1189 573 1238 ubi
591 1205 632 1237 me
644 1189 756 1256 fessum
775 1191 818 1240 sol
836 1193 930 1242 acrior
949 1194 990 1241 ire
1007 1193 1048 1244 lc-

60 1274 106 1306 sm
133 1258 299 1309 Admonuit.
315 1284 349 1295 -
391 1261 458 1314 445.
475 1256 618 1306 Dulcibus
640 1258 760 1325 ,lavim
780 1258 854 1310 'salsa
878 1261 952 1311 enim
976 1275 1049 1329 aqna

60 1326 99 1391 gis
124 1326 302 1393 pruriginem
324 1333 409 1377 creat.
426 1350 460 1361 -
493 1330 555 1381 446.
576 1323 697 1392 Udisque
716 1329 790 1377 aries
818 1329 848 1376 in
866 1333 976 1395 gurgite
994 1330 1046 1382 vil·

60 1394 228 1461 Meprarurq
244 1394 431 1445 Musimonem
445 1392 512 1444 dicit
530 1392 629 1445 ducem
646 1396 746 1462 gregis,
763 1411 845 1463 quem
863 1400 900 1448 ita
920 1405 947 1449 et
961 1400 1046 1450 Varro

60 1470 228 1515 memorat.
262 1464 333 1514 Huic
350 1472 444 1514 autem
461 1469 569 1530 partem
588 1462 709 1530 aliquam
726 1464 804 1515 lonae
822 1474 941 1534 pastores
959 1467 1047 1519 solent
1073 1496 1077 1505 ·

60 1546 180 1605 aquare.
214 1530 293 1583 Uride
310 1533 349 1582 ait
367 1533 431 1581 udis
450 1531 539 1581 villis.
573 1531 645 1581 Nam
668 1548 778 1600 semper
804 1547 866 1584 oves
890 1543 984 1587 tonsae
1007 1534 1047 1587 la·

60 1608 117 1651 tur.
136 1626 170 1636 —
205 1604 267 1657 447.
285 1600 410 1652 Secundo
429 1601 523 1659 amni3
549 1599 696 1665 defluenti,
713 1616 778 1649 cum
797 1617 868 1668 aqua
884 1603 995 1656 scilicet.
1011 1629 1047 1644 -

63 1704 73 1721 .
91 1668 189 1721 Tristi
204 1686 335 1735 amarem
354 1672 455 1720 ornaris
473 1666 526 1718 olei
539 1668 672 1719 sordibus.
705 1669 764 1717 Hoc
780 1678 874 1729 autem
891 1672 1047 1743 remedium

65 1746 167 1789 contra
185 1746 286 1801 sordes,
302 1741 434 1801 scabiem,
450 1746 478 1787 et
495 1740 614 1802 [contre]
630 1739 733 1787 laesum
747 1739 875 1803 vepribus
890 1752 997 1809 corpus.
1012 1767 1046 1779 -

60 1822 72 1859 Ι.
92 1806 221 1875 Vivaque
239 1808 393 1874 sulpbura;
411 1806 557 1871 dactylicus
576 1822 681 1869 versus,
699 1806 772 1874 quod
789 1807 818 1856 in
836 1807 891 1860 fine
908 1809 1047 1876 dactylum

59 1884 121 1929 nst
140 1901 176 1915 -
208 1880 272 1933 450.
290 1878 442 1941 Idaeasque
459 1878 551 1940 pices,·
569 1874 693 1942 liquidas,
711 1875 828 1940 quaein
845 1877 1044 1945 Idanrygiee

59 1953 106 1997 ute
123 1953 284 1997 nascuntur.
301 1973 334 1982 -·
368 1950 431 2001 451.
448 1943 640 2008 Scyllamque,
663 1942 834 2003 helleboros,
858 1962 959 2012 genera
982 1947 1046 1999 her.-

59 2028 112 2065 'um
135 2020 207 2065 tunt.
226 2041 259 2053 -
293 2022 356 2072 452.
374 2012 507 2063 Praesens
527 2011 649 2079 fortuna
657 2035 665 2075 ,-
695 2012 788 2061 etlicax
812 2014 873 2078 (vel)
897 2015 969 2065 utilis
993 2016 1043 2081 (et)

59 2080 166 2134 lusura
200 2081 238 2131 Et
259 2081 326 2133 dicit
348 2081 526 2133 incidendum
553 2081 640 2145 (codd.
660 2080 834 2142 incendend.)
860 2100 916 2134 esse
941 2084 1043 2152 vulnus,

59 2149 288 2203 medicaminibus
312 2150 431 2202 emolliri
454 2148 569 2199 minime
593 2148 721 2217 potnerit.
746 2174 781 2185 -
822 2155 884 2208 454.
901 2151 1045 2204 Summum

59 2221 119 2270 sris
137 2237 187 2285 οςς
206 2234 273 2285 ergo
291 2227 355 2271 tunc
372 2218 520 2270 secandum
539 2225 579 2268 est
596 2234 660 2266 cum
679 2233 708 2267 os
725 2217 861 2270 habuerit.
894 2221 1045 2291 [Tegendm

59 2302 77 2337 u
98 2285 229 2356 tegitur]
248 2314 280 2323 -
313 2293 374 2345 456.
399 2287 434 2337 Er
457 2287 573 2336 meliora
598 2287 664 2336 deos
688 2287 762 2336 sedet
787 2291 900 2353 omina5
926 2292 1045 2344 maiorer

59 2372 87 2405 m
105 2365 291 2426 expugnantes
307 2357 485 2423 religionem,
508 2362 597 2405 totum
621 2355 651 2404 in
677 2356 847 2420 experientia
865 2358 1044 2412 collocabant.

59 2425 150 2475 Iustius
173 2425 250 2491 (Cat.
274 2426 347 2486 52.):
377 2424 444 2474 Non
467 2426 543 2474 votis
572 2439 658 2488 neque
683 2424 833 2489 suppliciis
858 2428 1043 2479 muliebribus

60 2510 127 2544 rum
152 2495 267 2544 auxilia
292 2505 505 2560 comparantur:
531 2492 694 2558 vigilando,
719 2494 890 2558 laborando,
913 2514 1043 2564 prospere
1101 2556 1104 2565 Ι

58 2564 109 2613 aia
127 2564 242 2613 cedunt.-
269 2564 319 2613 ubi
337 2563 482 2612 socordiae
506 2572 555 2610 tete
573 2559 673 2626 (Guelf.
690 2560 710 2611 Ι.
727 2569 771 2622 te3
796 2563 886 2614 Guelf.
905 2566 937 2615 11.
955 2569 1043 2616 omitt.

59 2634 149 2693 nom.)
172 2643 255 2696 atque
272 2632 320 2697 (L.
337 2631 402 2693 aut)
422 2632 553 2697 ignaviae
578 2630 745 2694 tradideris,
769 2636 953 2697 nequicquam
976 2636 1043 2685 deos

58 2700 161 2764 rlores,
185 2701 254 2751 irati
271 2704 337 2766 (om.
356 2699 387 2748 L.
406 2699 452 2760 R.)
477 2698 628 2765 infestique
653 2710 727 2747 sunt.
745 2729 778 2738 -
813 2704 874 2756 458.
892 2704 978 2752 Artus
996 2703 1042 2753 de.

60 2770 157 2830 cieur;
181 2775 211 2820 et
225 2786 309 2835 pasco
328 2776 356 2820 et
371 2784 473 2835 pascor
496 2768 575 2817 illam
595 2783 651 2816 rem
669 2767 792 2817 dicimus.
824 2769 912 2819 Arida
932 2771 1043 2838 febris,-

58 2835 85 2888 rd
110 2836 189 2889 arida
213 2837 299 2889 eflicit
315 2851 447 2904 corpora.
481 2836 587 2886 Tamen
612 2835 769 2898 sciendum,
792 2836 916 2902 febrem,
937 2839 1003 2890 licet
1025 2856 1043 2893 a

58 2922 120 2957 rore
136 2904 211 2963 dicte
227 2906 276 2971 sit,
300 2921 356 2956 esse
380 2905 467 2957 etiam
489 2903 627 2970 frigidam.
662 2904 739 2954 Unde
758 2904 841 2953 modo
858 2907 892 2957 ad
910 2904 1043 2960 diistolen

70 2976 195 3026 aridam.
213 3000 245 3012 -
280 2978 341 3031 459.
358 2973 491 3024 Incensos
516 2982 625 3034 aestus5
649 2973 667 3020 i.
686 2990 710 3023 e.
732 2973 848 3025 febrem.
883 2975 960 3026 Inter
983 2980 1042 3026 ima

58 3046 98 3095 ire
120 3043 202 3111 pedis
225 3043 386 3104 salientem,
409 3042 427 3093 i.
445 3060 469 3093 e.
493 3040 636 3105 (sanguine
661 3042 768 3100 verram)
791 3043 933 3096 mobilem.
966 3043 1044 3096 Dicit

58 3128 106 3164 em
123 3112 201 3163 illem
217 3128 316 3162 venam
333 3128 391 3162 esse
416 3110 570 3162 feriendam
589 3123 658 3175 quse
675 3125 756 3175 supra
775 3111 862 3174 (codd.
880 3113 975 3178 super)
993 3131 1044 3165 un-
1109 3152 1114 3163 ,

58 3196 104 3231 ιω
129 3188 170 3233 est
194 3181 334 3243 animalis,
357 3188 417 3231 tam
439 3179 496 3230 lata
519 3191 602 3245 qnam
626 3177 745 3229 mobilis.
762 3204 798 3216 -·
838 3184 900 3238 461.
916 3181 1043 3234 Bisaltae

57 3268 64 3298 r
85 3266 175 3305 more:
200 3249 292 3319 populi
317 3249 493 3315 Scytharum:
517 3245 564 3314 qui
588 3245 725 3311 fugientes
751 3264 888 3314 equorum
910 3252 1044 3315 sanguine

57 3325 122 3369 atur
138 3317 209 3369 lacte
226 3318 371 3384 permixto.
388 3345 422 3354 —
464 3320 525 3371 462.
544 3313 614 3362 Cum
633 3313 729 3381 fugin
752 3317 794 3367 vel
816 3335 848 3369 ra
871 3335 935 3370 vers
957 3322 1044 3386 fugit:

74 3386 169 3457 pergit
190 3387 325 3439 celeriter,
342 3412 377 3426 -
410 3389 472 3441 465.
492 3383 654 3446 Carpentem
680 3387 829 3449 ignavIus3
852 3388 1045 3456 negligentium

57 3472 69 3508 e
94 3453 232 3507 aviditate.
255 3481 290 3494 -
329 3458 392 3512 468.
410 3454 528 3520 Culpam
550 3451 627 3519 ferro
654 3467 808 3519 cornpesce;
837 3456 913 3524 atqui
937 3457 1045 3510 habore

57 3626 90 3695 ψ)
113 3631 187 3671 ‚cunt
200 3632 216 3670 1.
231 3631 277 3669 edd.
292 3631 362 3682 quibus
376 3631 431 3682 signs
444 3630 512 3669 lerunt
525 3638 546 3669 et
559 3632 630 3684 quibus
643 3633 786 3684 intelligsmtur.

57 3713 75 3753 ,d
88 3726 109 3752 v.
121 3709 173 3752 444.
186 3714 254 3752 Itum.
283 3715 312 3750 Et
327 3714 412 3751 Ilirsnti
425 3718 463 3749 etc.
491 3712 547 3751 Duas
567 3727 598 3751 res
614 3714 673 3758 dicit,
693 3718 747 3755 unde
766 3719 842 3758 scabies
857 3720 924 3760 ovium
943 3725 1044 3768 neseitnrg

95 3778 132 3809 eut
148 3770 233 3808 nimium
246 3768 319 3818 frigus,
340 3777 360 3807 ct
379 3771 481 3806 lnnnorem
503 3771 565 3807 ebrie:
585 3778 620 3808 sut
634 3772 694 3810 ctiam
708 3786 753 3812 cum
767 3783 813 3824 port
832 3777 943 3817 tonsionem
957 3795 997 3820 non
1011 3785 1046 3823 le-

94 3835 176 3867 ventur.
203 3829 238 3865 Ex
252 3827 350 3864 validiore
364 3827 417 3864 enim
431 3832 488 3864 cestu
501 3828 563 3865 sudor
577 3827 605 3865 eis
620 3829 727 3869 adbsorct:
747 3844 771 3869 as
790 3842 897 3883 propterea
916 3838 981 3877 levare·
1000 3840 1045 3879 ste.

94 3891 180 3935 queam
192 3883 298 3934 praecipit.
775 3885 777 3889 ’

57 3959 91 4013 ld)
118 3965 145 4003 L.
163 3965 212 4003 von.
233 3966 346 4007 Simonem.
366 3965 393 4002 n.
414 3964 439 4001 V.
462 3967 575 4016 dyaconem.
601 3969 671 4018 Steph-
690 3967 750 4008 Febr·
769 3969 822 4009 nir.
843 3974 993 4017 Messanam.
1019 3981 1045 4020 B.

95 4021 164 4060 Gsull.
178 4022 194 4059 l.
208 4021 232 4058 lt
248 4024 386 4069 Macerones.
