2288 4514
128 286 193 355 142
386 282 524 349 smvn
545 232 902 351 concurrimus

125 471 247 537 relerre,
269 481 301 525 ut
318 474 361 539 (3,
377 470 446 535 62.):
469 471 504 523 Es
526 490 567 524 nee
587 470 711 524 Phoebus
734 470 834 537 amat,
853 471 1034 525 Phoebesua

126 543 201 608 apud
220 558 261 592 me
278 541 400 593 Munera
417 555 485 593 suns
500 541 587 594 inuri.
616 536 767 609 ,[cannre'
778 550 873 593 autern
897 544 996 611 parnei
1002 579 1010 607 ,
1029 556 1043 609 p

125 610 178 661 ruti
196 619 226 661 ut
242 618 387 663 cantarent
403 619 430 661 et
446 611 658 677 responderent,
674 610 717 665 vel
730 627 813 676 pares
826 614 938 677 parati,
955 611 1043 679 queri¹

144 679 233 744 creti]
256 706 290 717 -
330 686 355 736 6.
378 676 443 729 Huc
469 678 557 741 milii,-
580 679 683 731 scilicet
705 678 781 730 circe
803 682 868 731 enin
892 687 1013 749 partem,
1036 678 1043 729 i

123 696 247 816 lieplmis
263 747 382 801 sedebat.
416 747 493 796 Dum
517 760 628 799 teneras
644 746 762 815 defendo
787 764 804 797 e
821 747 939 825 frigore
957 746 1043 814 myrin

124 817 196 869 varie
213 816 258 868 hic
275 816 348 867 locus
366 816 517 883 exponitur.
550 815 623 867 Num
646 814 692 867 alii
714 815 877 883 simpliciter
894 816 1039 887 accipiunt:

123 894 226 954 myrtos
249 892 329 953 tego,
353 892 381 937 et
397 894 493 951 tueor,
515 903 550 937 ne
568 901 614 937 ces
630 885 716 951 frigus
733 891 834 936 exurat.
868 885 938 950 Alii,
960 887 1043 952 quies

121 954 188 1005 illud
205 953 286 1005 fuisse
304 962 428 1005 esserunt
444 962 553 1021 tempus
571 954 677 1004 dicunt:
695 952 739 1003 De
753 954 824 1004 endo
843 971 860 1013 ᾳ
872 952 999 1021 frigore,
1013 958 1043 1019 (et

122 1030 220 1074 contra
242 1022 329 1091 frigus
351 1022 484 1073 futurum.
524 1016 576 1073 Alii
599 1022 706 1075 dicunt:
755 1036 803 1072 um
827 1020 961 1087 delendo,
979 1022 1043 1085 ic,

122 1090 195 1143 mihi
210 1090 245 1142 ud
261 1090 466 1143 defensaculum
482 1104 616 1160 praeparo
633 1098 738 1158 myrtos
753 1107 770 1142 n
786 1089 907 1158 frigore,
923 1090 942 1143 i.
958 1108 981 1143 e.
995 1106 1043 1159 qun

122 1160 180 1211 sine
203 1159 360 1227 frigoribus.
393 1157 488 1210 Solent
504 1161 578 1211 enim
602 1166 725 1228 pastores
742 1158 880 1210 vindicare
905 1159 957 1211 sibi
977 1158 1043 1211 locs.

32 1250 35 1257 ¹
142 1235 234 1296 ropter
251 1227 337 1297 frigus
353 1228 486 1279 futurum.
503 1252 537 1264 -
570 1234 596 1285 7.
618 1226 668 1279 Vir
705 1229 795 1293 regn,-
813 1227 939 1281 abusive:
955 1234 1043 1278 mint

120 1243 266 1348 iiominnnr
282 1304 329 1347 cst.
366 1294 409 1346 Sic
426 1295 493 1347 alibi
511 1296 556 1357 (G.
576 1304 608 1357 3,
627 1247 710 1357 125Ιε
728 1294 816 1362 Quem
835 1297 924 1365 legere
940 1296 1032 1347 virum.

120 1366 247 1417 Horatius
271 1364 562 1431 (Curm.1,17,7.):
585 1363 620 1413 Et
637 1365 738 1416 olentis
763 1382 865 1416 reseres
883 1367 985 1417 meriti.
1014 1365 1043 1415 dc

120 1434 166 1501 gia
183 1442 232 1487 est.
266 1432 357 1501 [Quod
374 1440 467 1484 tamen
485 1432 519 1483 ad
538 1432 678 1483 Theocriti
694 1433 881 1485 imitationem
898 1434 1000 1486 dictum
1014 1438 1043 1485 est

118 1503 160 1553 nit
181 1504 223 1569 (ὃ,
240 1501 309 1562 49.);
328 1490 365 1554 Ὦ
382 1498 464 1569 τράγε
481 1496 532 1554 τᾶν
553 1497 649 1553 λευκᾶν
673 1496 752 1570 cirris
774 1494 846 1570 drap.
865 1528 900 1540 -
940 1506 964 1557 9.
983 1500 1043 1551 Ades

60 1598 63 1603 ·
119 1586 169 1640 pro
192 1566 352 1639 imperativo
377 1571 529 1637 rccipiunt,
551 1570 626 1621 cuius
649 1570 841 1637 pronunciatio
862 1569 959 1621 similis
980 1568 1043 1621 esti

118 1640 180 1690 tivo.
214 1638 358 1690 Terentius
376 1640 468 1703 (Andr.
487 1645 517 1702 1,
535 1637 582 1699 ¹1.):
605 1640 761 1703 Adesdum,
777 1642 878 1706 paucis
896 1638 1016 1705 eenole]

119 1710 175 1759 tibi
192 1710 289 1760 saluus
307 1720 331 1757 et
348 1706 431 1757 hoedi
438 1731 446 1771 ,-
470 1714 517 1758 eut
534 1708 597 1775 quin
619 1708 650 1759 in
667 1723 751 1778 capro
769 1716 810 1758 est
825 1724 887 1775 spes
903 1708 1043 1759 hoedorum

117 1778 292 1845 intelligimus
315 1776 398 1827 istum
423 1774 508 1827 etiem
530 1776 631 1827 hoedos
653 1775 817 1846 perdidisse,
846 1776 895 1827 scd
917 1776 1031 1829 nescire:

117 1855 213 1899 tumen
235 1846 282 1897 ille
299 1844 375 1911 qnasi
393 1843 496 1895 divinus
520 1843 630 1895 indicat.
664 1845 757 1897 Potest
772 1843 971 1913 temenletiem
987 1844 1043 1895 scire

116 1915 199 1967 levius
222 1915 356 1965 damnum
378 1912 492 1964 maioris
513 1913 746 1982 contemplatione
770 1920 959 1966 contemnere.
974 1937 1008 1951 -

118 1987 145 2033 si
162 1985 230 2048 qnid
249 1999 355 2034 cessare
373 1994 466 2047 potes,·
490 1981 512 2031 si
535 1989 611 2049 potes
631 1974 684 2032 tib'i
701 1982 742 2034 vel
766 1980 848 2033 breve
866 1984 954 2033 otium
964 1997 1043 2051 perso

116 2052 190 2103 Num
212 2051 333 2119 loquitur
357 2051 392 2102 ed
415 2048 558 2100 hominem
582 2058 722 2101 amantem
745 2049 856 2103 laboris.
896 2050 1043 2119 [Requiesc

118 2123 232 2184 umbra,-
257 2135 369 2170 mecum
391 2116 512 2184 scilicet]
530 2144 566 2154 —
607 2124 648 2174 11.
673 2117 737 2167 Huc
761 2120 820 2186 ipsi
841 2133 938 2186 porum
963 2121 1043 2169 veniet

115 2202 196 2255 prosc
221 2191 349 2251 iuvenci,⁸
381 2189 452 2255 ipsi,
475 2186 493 2236 i.
516 2205 540 2237 e.
563 2194 660 2255 sponte
682 2203 739 2239 sun.
778 2186 815 2237 Et
837 2178 1030 2257 intelligimus,

78 2299 82 2305 .
115 2266 224 2328 praeter
255 2256 422 2326 capellarum
446 2270 562 2322 gregem
585 2256 712 2307 iuvencos
735 2254 862 2308 habuisse
888 2257 1043 2327 peculiares.

115 2335 205 2389 certo,
229 2328 285 2391 ipsi
308 2327 461 2377 referamus
479 2322 513 2375 ud
536 2323 638 2374 hoedos
656 2324 683 2374 et
700 2340 824 2395 caprum.
858 2324 905 2377 Ut:
931 2326 981 2375 Per
996 2343 1043 2390 prr

114 2397 202 2445 cenci.
221 2422 256 2431 —
291 2400 333 2451 12.
350 2392 513 2461 [Praeresim
537 2391 688 2459 proetegit,
705 2402 736 2443 ut
753 2396 833 2458 (Aen.
849 2398 881 2463 Q,
900 2396 992 2453 500.);
1014 2392 1042 2443 Ν

116 2480 177 2513 rnen
195 2464 276 2512 Anno
303 2464 384 2514 novis
408 2473 564 2526 praetexere
582 2460 691 2528 funcra
708 2460 827 2526 ¹suerin]
870 2460 1043 2523 Mincius;l

112 2532 297 2597 intelligamus
320 2531 478 2594 Venetiam,
501 2545 570 2595 quac
593 2536 634 2580 est
656 2529 729 2580 haud
752 2531 834 2596 longe
857 2544 873 2580 e
897 2528 1012 2583 Mincio.

113 2608 153 2651 est
171 2600 280 2651 delicias
296 2604 569 2650 commemoraturus.
603 2597 655 2647 Alii
668 2597 762 2649 dicunt
776 2598 837 2649 loco
853 2599 1012 2668 ipsu.‚prntn
1028 2603 1043 2649 ir

112 2667 268 2736 appellari]
290 2664 324 2706 -'
370 2673 411 2723 13.
438 2666 513 2733 Eque
537 2681 637 2730 sncro;
664 2673 691 2717 et
715 2666 749 2718 de
772 2684 863 2719 sacra:
888 2674 920 2716 ut
944 2668 990 2734 (G.
1007 2672 1039 2731 4,

112 2737 187 2804 Eque
211 2738 273 2801 (cod
291 2739 320 2787 V.
338 2744 366 2787 et
390 2734 517 2786 Guelf.1.
535 2735 614 2800 uque)
638 2733 706 2787 chao
726 2737 825 2786 densos
844 2736 941 2787 diuum
961 2754 1041 2786 enum

111 2807 198 2868 (codd.
213 2808 246 2858 R.
261 2808 320 2855 Vos.
336 2803 450 2862 numer.)
466 2820 582 2852 nrncres.
617 2804 674 2855 Le.
692 2822 708 2855 a
726 2804 802 2857 choo.
838 2803 932 2870 [sacra
949 2814 1042 2856 antem

110 2890 171 2938 cus,
194 2883 242 2925 aut
264 2876 353 2941 ipsum
370 2888 454 2941 quam
472 2872 527 2922 vult
542 2869 672 2938 intelligi,
695 2880 743 2923 eut
766 2874 924 2925 universnm
943 2889 1043 2938 genus,

110 2951 139 2996 et
162 2944 230 2993 Iovis
255 2953 282 2994 et
305 2944 371 2993 olim
400 2937 536 3002 fatidica]
564 2962 595 2975 -
651 2941 692 2995 14.
717 2940 812 3007 Neque
837 2960 886 3008 ego
911 2942 1043 3009 Alcippen

111 3010 240 3078 Pkylr'idn
259 3011 407 3072 kalrebnm5
425 3009 473 3059 lms
491 3009 557 3059 duas
574 3005 756 3075 intelligamus
774 3011 875 3062 amicas
893 3026 952 3063 esse
970 3019 1043 3061 cante

108 3081 181 3130 Nam
199 3080 251 3130 hoc
269 3080 348 3130 dicit:
366 3081 424 3129 Nec
441 3077 573 3145 Alcippen
591 3076 744 3141 habebam,
762 3087 793 3128 ut
808 3079 866 3130 illc:
883 3096 935 3129 nec
953 3078 1043 3143 Php'llir

108 3149 184 3201 alter.
219 3151 282 3215 [rint
306 3155 337 3196 nt
354 3145 477 3217 plerique
495 3152 591 3211 putant
608 3160 712 3197 nomen
729 3148 841 3197 villicae.
860 3172 893 3182 -
929 3151 973 3203 15.
991 3146 1040 3197 cn

108 3234 212 3282 agnou
238 3230 304 3281 crgo
326 3215 431 3268 varium
456 3229 538 3281 pecus
560 3212 680 3277 habuit]
705 3239 739 3251 —·
781 3221 822 3271 16.
846 3214 880 3263 Es
904 3227 1042 3265 certarnen

107 3285 237 3350 Corydon
256 3300 318 3332 curn
338 3284 489 3349 Thyrside,
508 3298 656 3347 magnum3
673 3281 790 3350 figurate
805 3282 910 3333 locutus
929 3291 983 3333 est:
1000 3284 1043 3334 Mo

104 3361 263 3414 certamen,
286 3352 332 3403 ille
350 3369 414 3401 cum
431 3352 476 3403 illo
495 3349 590 3418 [erot]:
615 3366 647 3399 ec
665 3350 687 3401 si
704 3351 792 3402 dicas:
818 3351 920 3418 liinguu
938 3360 1043 3403 content

104 3438 170 3471 cnm
195 3420 327 3471 Cicerone
346 3419 481 3485 Virgilius.
517 3420 565 3486 [Et
587 3418 693 3469 videtur
716 3420 915 3470 nominativum
941 3437 992 3488 pro
1016 3437 1043 3486 gs

103 3488 239 3557 posuisse,
265 3504 329 3539 num
354 3487 512 3552 Corydonis
536 3486 609 3536 fucit.
633 3514 667 3523 —
712 3495 753 3543 17.
779 3487 948 3545 Postlmbur'3
976 3496 1043 3556 postp

103 3557 171 3609 Men.
188 3557 277 3617 seria,
293 3558 482 3607 necessitatem
500 3555 577 3622 capri
593 3554 763 3622 inquirendi,
779 3556 821 3606 vel
836 3554 998 3607 hoedorum.
1034 3555 1043 3605 l

104 3625 266 3677 cantilenae.
300 3624 335 3673 Ut
353 3623 421 3688 (Ecl.
439 3629 463 3685 1,
481 3623 529 3681 9.):
548 3621 656 3673 Ludere
675 3641 746 3690 pune
764 3626 860 3674 vellem
879 3625 987 3675 celenna
1005 3644 1043 3691 per

104 3696 217 3759 agre-sti.
236 3719 269 3730 —
312 3699 353 3748 18.
371 3692 492 3741 Alternis
519 3694 608 3757 igitur
632 3695 793 3742 contendere
811 3694 939 3743 versibus
958 3696 1038 3745 nrnlvo

103 3770 159 3826 nst,
183 3761 256 3829 quod
273 3761 311 3812 cit
327 3776 424 3828 supra:
444 3759 478 3807 Et
498 3761 659 3826 respondere
677 3763 778 3826 parati.
796 3788 828 3799 -
865 3767 906 3817 19.
924 3762 1043 3814 Auerno.

104 3848 152 3880 sne
188 3834 347 3879 meminisse
379 3826 524 3889 volebant,
560 3828 584 3878 si
614 3830 759 3897 [quidem]
791 3829 931 3881 volebant:
963 3848 1043 3881 sensu

104 3899 199 3949 liturae
222 3899 363 3965 utriusque
386 3896 585 3947 meminerant:
608 3905 638 3947 ut
661 3898 732 3962 (Ecl.
750 3906 781 3962 3,
798 3900 870 3959 59.):
897 3898 998 3948 Amant
1023 3917 1043 3948 en

103 3981 259 4018 enmoenne.
295 3966 347 4016 Scd
364 3964 446 4017 multi
462 3965 586 4015 volebam
604 3966 713 4033 legunt,
737 3974 767 4015 ut
784 3968 819 4016 sit
835 3965 962 4035 [sensus]:
986 3966 1043 4035 Opt

103 4034 240 4102 olttusee,
256 4034 416 4089 meminisse
433 4033 560 4086 alternos.
593 4034 614 4087 Ι.
624 4052 659 4098 e,
676 4034 770 4087 omnia
787 4051 857 4104 quae
874 4035 1012 4100 dixerunt,
1026 4043 1043 4087 ts
