2424 4506
141 263 180 303 ιη
202 238 359 305 unere
381 237 555 337 anslaro.
580 238 660 301 cio.
682 238 739 315 rs,
762 204 958 309 711-732.
1029 242 1072 307 47

14 433 101 479 tuno
119 426 201 480 enim
218 428 341 497 primum
357 425 388 477 in
404 414 478 477 bolla
495 425 688 487 descenderam
705 426 782 493 [sitm
799 423 903 477 tirones
918 424 1007 492 pictus
1022 421 1075 477 mi·

10 496 114 548 iuime
132 503 277 563 gestarent
300 493 431 564 parmas]
447 521 482 531 -
517 502 578 553 713.
595 495 711 562 Fugere,-
734 494 851 563 fugiens.
883 493 956 545 Nam
971 510 1074 563 nornen

15 573 77 623 ,ost
92 581 145 635 pro
164 565 327 635 participio:
351 579 409 615 non
428 564 503 614 enim
522 564 650 629 {sagacem
669 580 812 631 possumus
831 564 971 630 accipere3
988 580 1074 632 quem

10 678 15 689 ,
38 648 119 701 supra
135 633 256 701 legimus
274 633 442 685 bellatorem.
462 658 497 667 —
532 640 593 687 'll-l·
610 633 736 699 [Ferrato
756 633 845 695 calce3
871 634 973 682 calcem
991 649 1074 702 gene·

19 716 69 753 πο
84 703 224 754 feminino
241 700 373 768 usurpat]
391 725 424 736 —·
465 707 526 758 715.
549 700 624 750 Vane
642 700 749 768 logum
775 709 824 751 aut
846 701 944 766 fallax,
970 700 1017 754 'sut
1032 703 1075 754 in-

10 770 15 841 '3
41 771 127 823 suites
150 771 265 822 iactans.
306 770 380 820 Num
404 786 510 834 vanos,
541 769 650 834 stultos,
674 769 838 840 posteriores
862 770 955 821 dicere
977 785 1074 840 coope-

42 847 109 890 runt.
143 840 183 909 Et
199 856 295 891 rarum
312 847 353 890 est
369 839 454 890 etiam
472 838 502 888 in
519 839 673 889 neotericis.
706 840 840 890 Iuvenalis
858 844 900 905 (3,
919 839 1003 902 159.):
1028 840 1073 890 Sic

45 907 152 958 libitum
171 926 262 969 oeno,
281 911 330 975 qui
349 925 401 957 nos
421 909 568 970 distinxit,
593 906 708 957 Othoni.
744 907 816 973 Quid
834 915 927 959 autem
943 908 996 958 hoo
1013 906 1074 958 loco
1096 967 1099 974 Ι

45 994 110 1027 osne
125 976 277 1043 significet,
300 976 442 1044 sequentia
458 975 662 1026 demonstrant:
690 974 861 1043 Frustraque
880 979 987 1028 animis
1005 977 1074 1027 elate

46 1047 185 1111 superbis.-
217 1047 377 1115 [possumus
401 1052 496 1095 tamen
519 1044 565 1094 liic
590 1051 618 1094 et
639 1045 804 1097 mendacem
826 1046 916 1097 vesicis
942 1046 1075 1112 accipere,

44 1115 175 1182 quieuit:
200 1114 278 1163 Dum
296 1114 397 1181 fallere
408 1113 476 1180 fotu
495 1114 633 1162 sinebant.
669 1113 719 1164 Et:
743 1112 801 1164 Neo
814 1112 904 1183 fraus
920 1118 946 1166 le
965 1114 1074 1166 incolu-

10 1186 13 1193 '
46 1199 111 1233 mem
127 1184 241 1252 fallaci
262 1182 382 1251 perferes
405 1184 497 1232 Auno.
532 1181 657 1248 Nigidius
681 1183 715 1232 de
739 1199 803 1235 erra
827 1184 840 1215 *
865 1184 910 1249 (de
928 1183 1075 1253 Sphaera):
1095 1182 1098 1188 ’

44 1248 113 1302 Num
131 1264 157 1302 et
174 1250 299 1321 Ligures
318 1253 368 1317 qui
386 1252 564 1316 Apenninum
583 1261 746 1315 tenuerunt,
769 1253 906 1317 latrones,
931 1253 1076 1319 insidiosi,
1161 1300 1163 1307 ,

39 1321 175 1391 ¹fallaces,
199 1322 355 1373 mendaces.
391 1320 459 1371 Cato
477 1319 616 1384 originum
633 1321 665 1370 Π.
683 1337 747 1369 cum
765 1320 798 1373 de
817 1321 966 1388 Liguribus
980 1316 1075 1390 loq'ue·

42 1398 129 1441 retur:
159 1389 213 1440 Sed
239 1391 297 1456 ipsi
323 1390 395 1438 unde
421 1389 538 1438 oriundi
563 1400 630 1438 sunt
654 1402 750 1437 exacta
776 1392 909 1440 memoria
939 1390 1076 1456 illiterati,

44 1458 240 1525 mendacesque
262 1469 330 1508 sunt
353 1469 378 1507 et
402 1474 467 1507 vern
493 1459 589 1506 minus
614 1459 768 1510 meminere.
815 1458 885 1511 Sane
911 1458 1016 1526 subito,
1044 1470 1089 1513 ut.

12 1564 16 1569 -
42 1527 120 1592 solet,
145 1527 184 1578 ad
199 1527 393 1579 characterem
410 1527 593 1579 dramaticum
610 1527 722 1591 transit,
748 1529 931 1595 nequeenim
950 1529 1076 1595 ostendit,
1146 1586 1148 1591 ,

42 1594 184 1648 camillam
199 1595 279 1663 loqui
294 1594 435 1661 coepisse]
454 1621 487 1632 ·-
522 1600 583 1652 716.
601 1592 760 1659 Lubricus·,·
785 1597 910 1662 mobilis‚
934 1596 1023 1648 fallax.
1040 1625 1076 1636 -

43 1671 103 1722 m.
118 1664 288 1717 Pernicibus
308 1666 391 1730 ignea
409 1663 531 1731 plantis3
554 1663 636 1713 niodo
654 1664 803 1718 velocibus:
820 1665 886 1717 alias
903 1678 1076 1735 perseveran-

42 1734 117 1785 tibus.
150 1735 226 1784 Nam
245 1737 346 1800 pernis·
364 1733 503 1785 interdum
522 1734 611 1785 uelox:
634 1723 776 1783 interdum
801 1751 976 1801 perseverans
993 1736 1076 1804 signi·

43 1800 116 1866 licat,
131 1811 164 1853 ut
180 1804 240 1872 ipse
256 1803 287 1854 in
304 1801 449 1869 Georgicis
467 1807 510 1866 (3,
527 1802 617 1859 ml:
642 1798 676 1848 Et
695 1804 767 1851 inter
784 1803 868 1852 Dure
887 1806 958 1853 iacet
974 1807 1075 1868 pernix

44 1873 159 1923 instrato
179 1889 252 1922 suen
272 1872 368 1921 cubili.
388 1897 418 1908 -
454 1877 515 1928 719.
537 1870 654 1919 Transit
680 1886 780 1935 equum
805 1884 912 1934 aserqu
932 1887 1006 1922 nuno
1022 1874 1075 1925 hoc

43 1939 202 1992 incredibile
236 1957 293 1991 esse
317 1939 470 2005 videretur,
499 1939 552 1993 nisi
576 1939 760 2008 praemisisset
785 1943 815 1990 in
840 1940 957 2007 septimo
981 1943 1076 2007 (808.):

43 2008 94 2060 Ille
111 2011 155 2061 vel
173 2011 297 2060 intactae
316 2010 415 2074 segetis
433 2026 609 2074 persumme
628 2008 735 2057 voleret
754 2005 910 2074 Grattiina,
937 2023 986 2060 neo
1003 2023 1076 2062 tene·

43 2095 192 2130 russursu
212 2079 340 2129 laesisset
358 2080 472 2128 aristas.
508 2079 649 2139 Aduersn;
675 2079 804 2146 opposita.
838 2077 959 2147 [Quum,
981 2078 1077 2131 simili·

40 2149 138 2200 tudinis
156 2146 319 2199 adverbium
336 2154 390 2212 est,
414 2155 454 2198 est
472 2152 499 2197 et
516 2161 671 2214 pronomen
695 2156 753 2195 tam
771 2147 974 2198 subiunctivum
992 2165 1076 2216 quam

40 2210 269 2286 praepositivum,
288 2223 328 2267 est
344 2224 371 2268 et
388 2216 554 2276 coniunctio,
572 2222 603 2263 ut
619 2230 682 2263 cum
700 2215 828 2266 dicimus:
847 2229 904 2266 tam
920 2212 973 2268 hoe
991 2232 1075 2285 quam

42 2285 132 2352 illue]
174 2285 315 2351 Accipiter
340 2291 407 2346 eta]
432 2301 512 2334 sacer
538 2280 616 2346 ideo,
640 2281 705 2348 quia
729 2284 816 2335 Marti
840 2293 881 2337 est
902 2294 1076 2338 consecratus

51 2354 206 2426 aecipiterlt
225 2363 274 2405 asst
288 2352 389 2421 [sacer]
407 2353 500 2404 avibus
519 2350 692 2403 execrabilis:
709 2361 739 2401 ut
756 2358 799 2418 (3,
816 2355 885 2416 56.):
902 2353 974 2404 Auri
992 2371 1074 2405 sacra

35 2358 138 2493 lomes.
172 2425 228 2474 Aut
251 2423 325 2490 quod
347 2423 437 2474 verius
462 2428 515 2484 est,
539 2419 678 2471 Graecum
703 2436 806 2472 narnien
832 2422 968 2490 expressit.
1002 2423 1075 2474 Nam

39 2493 116 2563 ’ἱεραξ
140 2493 196 2544 evis
222 2491 337 2556 dicitur,
360 2492 413 2542 hoc
439 2497 479 2540 ost
502 2499 597 2540 secere
621 2480 707 2555 laneis
731 2490 807 2540 enirn
830 2492 948 2558 [Graece
965 2490 1076 2556 Latine]

38 2557 168 2616 sacerdos
184 2560 307 2612 vocatui.
342 2560 398 2611 Cur
415 2567 509 2611 autem
528 2556 636 2609 Graece
654 2559 692 2608 ita
710 2558 797 2608 dictus
814 2561 863 2622 sit,
887 2561 995 2612 ratione
1019 2576 1075 2612 non

38 2634 127 2685 oraret:
144 2646 220 2698 quae
236 2637 302 2679 nota
320 2636 360 2680 est
375 2642 519 2680 sacrorum
536 2626 640 2694 peritis.
655 2654 689 2662 -
723 2635 785 2682 722.
806 2627 993 2694 Consequitur
1009 2646 1075 2697 pen-

31 2705 102 2766 .ns's;
126 2715 199 2750 nova
215 2695 274 2750 lans
292 2698 440 2749 Camillae:
462 2695 599 2763 siquidem
624 2692 753 2765 accipiter
771 2696 928 2748 columbam
945 2699 1076 2767 sequitur,

38 2771 91 2822 iste
116 2769 229 2820 hostem
255 2767 404 2833 praecedit.
438 2766 499 2834 lpse
517 2762 600 2815 eliam
619 2764 709 2813 arium
728 2767 900 2832 comparatio
918 2772 1027 2835 sumpta
1044 2783 1076 2817 ex

37 2837 247 2899 eontrarioest.
281 2835 354 2886 Nam
371 2832 485 2901 aequius
509 2832 549 2881 vir
577 2832 717 2901 accipitri,
741 2833 858 2885 Camilla
877 2832 1076 2954 coinpsgrahe-
1150 2887 1152 2893 ,

37 2908 86 2959 'tur
102 2904 261 2957 columbae.
276 2930 309 2940 —·
344 2911 405 2960 723.
423 2901 594 2969 [Ediscerom
622 2919 657 2954 ne
684 2900 790 2968 vulgari
814 2900 897 2954 verbo
922 2911 949 2955 et
993 2916 1074 2954 raeco

39 2980 167 3027 uteretur
179 2973 272 3025 dicens
283 2982 431 3033 excesserat,
449 2970 488 3020 ait
500 2970 671 3036 pedibusque
687 2970 840 3034 eviscerat]
852 2997 886 3008 -
920 2976 982 3029 724.
1002 2971 1073 3022 Tum

41 3061 127 3096 eruor
145 3049 214 3104 eto,
237 3040 340 3093 achaeis
357 3035 501 3110 [po'e'tica]‚
524 3036 542 3086 i.
560 3056 583 3088 e.
601 3055 722 3090 excessus
747 3039 790 3102 (al.
809 3056 960 3103 excursum
983 3039 1075 3092 Guelf.

39 3108 283 3173 lestussus).-
317 3106 967 3174 725.Nonnullai.e.,nonneglige1ribua
1001 3109 1075 3160 Nam

38 3182 145 3232 Litotes
161 3178 251 3247 ligura
269 3185 315 3230 est.
331 3188 335 3201 ¹
349 3177 412 3228 Vult
429 3175 504 3227 eslim
522 3173 629 3247 dicere,
650 3191 706 3226 non
728 3174 822 3226 leviter
839 3175 963 3244 Iuppiter
986 3175 1075 3230 intue-

39 3251 123 3301 batur
139 3248 193 3305 ista
209 3245 370 3299 certamina.
389 3245 480 3312 ·[ldeo
498 3250 526 3295 et
542 3239 643 3296 adiecit
660 3245 812 3295 observans
831 3248 937 3310 oculis,
953 3244 971 3297 i.
991 3263 1014 3299 e.
1032 3246 1075 3297 in-

40 3324 116 3371 tente
140 3316 285 3384 aspiciens.
329 3314 436 3364 Plautus
463 3310 579 3379 (Amph,
604 3320 635 3376 1,
659 3321 692 3376 3,
716 3311 774 3374 9.):
808 3315 962 3367 Observato
989 3328 1073 3383 quom
1104 3319 1110 3328 '

42 3386 145 3438 blande
171 3384 356 3451 sscppelpntur
380 3379 520 3443 mulieri]
544 3407 577 3416 -
619 3389 680 3438 730.
705 3380 827 3449 Instignt
851 3385 968 3434 vocibus
994 3383 1074 3447 alus,-

40 3453 121 3523 [ὡς]
138 3453 250 3504 incitat:
268 3459 296 3501 et
311 3451 402 3501 irritat
419 3451 455 3501 ad
471 3448 599 3500 reditum·
634 3450 759 3500 Primum
773 3453 848 3502 enim
866 3461 914 3516 est,
930 3458 961 3501 ut
976 3452 1074 3519 fugere

40 3523 181 3576 desinunt:
203 3527 263 3590 post
285 3520 317 3568 ist
338 3518 369 3568 in
391 3518 482 3570 hostes
506 3513 642 3583 impetum
664 3519 773 3570 faciant.
791 3546 824 3557 -
866 3525 927 3577 731.
952 3518 1073 3571 Nomine

42 3607 171 3659 queisque
188 3605 307 3652 uocans;
332 3604 381 3655 per
398 3588 451 3639 hoc
469 3591 590 3645 extrema
608 3586 751 3638 necessitas
766 3588 913 3640 indicatur.
948 3587 1074 3656 [Refioit-

44 3677 113 3728 que;
131 3660 151 3710 i.
169 3677 193 3710 e.
211 3654 351 3720 restituit]
367 3681 400 3692 ·-
435 3660 497 3712 732·
516 3651 589 3718 Quis
608 3668 710 3720 metus,-
735 3653 877 3722 [dolentis,
900 3656 1072 3726 interrogan-

42 3730 93 3790 tis,
108 3728 127 3777 i.
147 3725 182 3789 a]
198 3722 294 3793 qualis,
310 3731 440 3791 qssantus:
457 3723 503 3789 qm
521 3721 613 3789 v[ir]os
631 3723 714 3776 etiam
731 3727 865 3776 feminam
882 3723 981 3777 timere
998 3741 1074 3776 com·

43 3793 141 3864 pellit?
181 3794 261 3845 Unde
283 3792 365 3860 paulo
384 3786 463 3858 'postz
492 3788 571 3856 Quae
595 3802 673 3841 tanto
699 3797 806 3844 anisnis
832 3796 950 3860 ignauia
974 3792 1072 3844 venis?

43 3864 161 3915 Femina
179 3862 307 3929 palantes
326 3862 392 3927 ugit.
428 3861 453 3910 0
473 3874 617 3926 nunquam
633 3861 765 3926 dolituri;
784 3863 802 3915 i.
820 3883 841 3914 e.
859 3861 941 3914 stulti.
973 3860 1073 3914 Stultus

43 3934 119 3985 enim
145 3937 200 3995 est,
223 3929 346 3996 quisquis
371 3927 472 3978 iniuria
496 3945 551 3979 non
576 3937 708 3980 movetur.
752 3933 788 3982 Et
812 3933 883 3983 bene
908 3934 1070 3996 nunquam:

41 4000 181 4068 siquidem
196 4004 279 4051 anus
295 3997 436 4072 saeuitiam
452 3996 585 4051 Mezentii
609 3997 798 4065 pertulerunt,
821 4017 873 4052 nea
889 4014 918 4052 se
935 3999 984 4050 ulti
1002 4006 1071 4050 sunt.
