2288 4514
764 153 774 177 p
825 154 833 163 ,

151 264 373 343 munient.
400 247 562 343 eronoss
583 282 618 381 r,
642 285 836 350 ros-214.
890 364 894 373 Ι
947 286 1014 349 ros

10 468 44 523 Β.
58 464 161 536 [Libra
180 468 241 541 λίς
265 468 312 519 hic
328 467 387 520 ium
409 462 508 537 incipit
525 466 664 534 disputare
681 466 715 518 de
732 465 890 533 cognitione
906 473 1015 535 tempo-

10 548 45 586 ΙΙΙ
61 554 93 588 ex
109 535 268 601 sideribus]
301 536 373 599 Dit3
390 551 447 587 non
466 546 507 587 est
522 540 665 606 Apocope,
683 551 733 604 pro
751 537 809 586 diei
818 554 826 583 .-
843 535 891 586 sed
907 537 1016 602 [secun-

10 600 48 655 ἀι
69 605 210 673 antiquos]
232 605 525 673 regularisgenitivus
550 614 598 655 est.
632 606 720 667 Nam,
743 613 774 653 ut
790 620 872 670 saepe
889 604 1015 670 diximus,

10 668 83 743 liqui
101 691 180 725 casus
196 676 307 729 numeri
324 674 470 743 singularis
482 704 485 709 -
499 674 666 725 nominativo
691 674 791 741 plurali
814 675 933 725 maiores
957 689 1015 725 esse

10 742 172 817 fndehent:
189 744 264 811 quod
281 760 377 795 verum
395 759 453 795 esse
471 742 611 794 Sallustius
628 743 743 811 probat,
765 743 859 810 quiin
878 757 959 811 prosa
975 741 1015 793 sit

10 818 56 861 tut.
73 814 125 873 1.):
153 810 306 863 Dubitavit
326 816 386 863 acic
403 830 479 879 pars.
515 814 585 862 Hinc
610 824 650 862 est
667 821 694 863 et
710 813 777 864 illud
800 814 840 875 (A.
862 812 1014 874 tr‚511.):

10 892 126 947 *nuque
144 882 275 931 abscissa
294 884 415 933 duorum
432 881 584 948 Suspendit
601 884 702 947 capitu.
736 883 747 949 [
754 882 862 932 Plautus
883 883 913 931 iu
931 880 1015 931 Amfi-

10 958 76 1007 toue
93 952 139 1015 (Ι,
157 955 188 1011 l,
208 952 293 1011 120.):
310 951 406 1018 Neque
425 968 480 1001 nox
500 969 641 1017 quaequam
660 953 785 1001 concedit
805 951 864 1015 die,
881 965 932 1027 ppo
949 948 1014 1001 diei.

10 1014 135 1069 dmodo
159 1019 226 1071 dies·
240 1020 296 1071 diei
320 1020 444 1071 dicimus.
480 1021 557 1072 Unde
579 1019 652 1070 iuxta
676 1028 849 1089 praesentem
869 1035 949 1069 usum
968 1018 1014 1070 die

10 1086 71 1149 uruit
85 1104 137 1157 pro
153 1082 231 1152 diei]
263 1088 428 1157 Somniqus;
451 1088 469 1141 i.
487 1106 510 1140 e.
527 1089 622 1140 noctis.
658 1089 731 1139 Nam
757 1089 792 1139 sb
811 1088 900 1139 officio
924 1082 1014 1156 [tem-

10 1152 69 1221 uis,
82 1155 189 1224 ipsum]
200 1165 311 1225 tempus
324 1158 449 1213 ostendit.
483 1158 558 1208 Dicit
578 1166 672 1208 autern
685 1159 896 1225 ‘aequinoctium
919 1164 1014 1209 auctu·

10 1223 80 1291 uile,
95 1226 171 1293 quod
184 1226 216 1277 tit
229 1228 289 1278 Sole
304 1227 333 1278 in
348 1226 435 1278 Libra
468 1229 544 1279 osito.
581 1228 695 1279 vernale
714 1228 788 1280 enim
807 1224 1014 1294 aequinoctium

10 1284 64 1345 tin
79 1294 170 1365 ariete
187 1290 313 1362 [positus]
330 1296 428 1348 eflicit:
448 1245 504 1347 imo
523 1303 615 1347 sutem
634 1290 714 1360 dicit,
737 1297 878 1347 frumenta
894 1295 1013 1347 serendo

10 1370 39 1413 Ιο
53 1356 223 1414 auctumnsli
239 1372 381 1435 tempore:
406 1365 547 1432 legumina
564 1380 630 1415 vero
647 1382 733 1433 usque
753 1366 790 1416 ad
805 1366 874 1417 veris
891 1364 1012 1415 initium.

10 1450 15 1461 ²
46 1437 107 1489 209.
125 1432 178 1499 [Et
203 1432 326 1484 medium
349 1436 424 1497 lues}
450 1435 512 1486 diei.
553 1435 648 1501 Atque,
666 1437 790 1497 umbris3
814 1433 897 1485 nocti.
938 1433 1013 1500 Quo·

10 1498 62 1551 nto
79 1498 214 1555 zodiacus
238 1505 370 1568 circulus,
394 1502 442 1571 qui
459 1503 632 1571 aequinoctia
650 1504 704 1554 duo
727 1504 807 1566 facit,
830 1502 1013 1553 orbemuivi·

10 1564 37 1633 ῑ,’
49 1574 79 1621 et
93 1570 157 1622 lusi
173 1570 241 1622 dixit
255 1581 367 1651 partem
383 1571 453 1623 coeli
469 1570 719 1641 septemtrionalis,
735 1572 769 1624 de
787 1586 841 1640 quo
858 1571 898 1621 ait
914 1571 1011 1636 (242.)t
1026 1576 1045 1647 Ἰ

10 1638 36 1687 ie
50 1651 142 1691 vertex
161 1642 246 1692 nobi-s
262 1643 334 1693 cosli
357 1643 505 1693 sublimis:
532 1643 640 1692 umbris
664 1656 729 1692 vero
746 1640 900 1692 Australem
924 1641 1014 1689 eircu-

10 1712 53 1773 ὴ,
68 1709 115 1777 qui
133 1710 236 1761 dicitur
254 1728 312 1763 esse
321 1711 439 1762 iniimus
457 1719 484 1761 et
500 1711 661 1775 demersus,
677 1710 712 1761 de
729 1726 784 1777 quo
801 1709 841 1760 ait
857 1708 956 1775 (243.)τ
974 1710 1012 1757 At

10 1774 61 1827 tris
76 1778 129 1829 sub
147 1780 267 1845 pedibus
283 1780 352 1847 Styx
371 1793 433 1831 utra
451 1782 533 1846 videt,
551 1790 701 1846 manesque
719 1779 865 1845 profundi.
895 1776 1012 1829 Dividit

10 1844 86 1913 dem-3
114 1853 149 1898 ut
172 1849 270 1900 orbem
296 1849 422 1901 videlicet
445 1850 515 1901 coeli
539 1850 663 1901 medium
686 1856 779 1899 teneat
803 1846 862 1912 Sol,
886 1846 1012 1897 medium

10 1928 65 1967 Μ·
86 1942 124 1955 ⁶·
164 1922 228 1973 210.
249 1917 380 1969 Eser-cere
404 1920 463 1969 viri
488 1930 603 1980 tauros3
627 1918 645 1968 i.
670 1936 695 1968 e.
719 1918 754 1968 ad
778 1923 872 1968 aratra
895 1915 1012 1981 iungite,

10 1982 67 2051 gite
88 1984 228 2039 laborare.
277 1988 390 2039 Tauros
420 1997 530 2052 eutem,
561 1990 641 2038 boves
670 1987 756 2037 fortes
780 1985 883 2054 accipe.
924 1984 1012 2035 Serite
1048 1984 1051 1988 ’

10 2054 80 2104 raca
99 2052 225 2123 eampis,-
249 2055 387 2109 hordeum
410 2058 529 2108 ostendit
552 2057 579 2107 in
606 2055 805 2124 campestribus
828 2053 894 2105 locis
919 2070 1014 2106 seren·

10 2138 58 2188 un,
80 2121 121 2187 et]
145 2123 249 2176 hordea
273 2127 429 2196 usurpative
452 2124 526 2193 [sit]:
549 2125 597 2191 (et)
621 2124 763 2176 sciendum
781 2121 898 2191 [tumen]
921 2123 949 2173 in
968 2122 1012 2173 his

10 2208 29 2243 ts
44 2198 156 2243 tuntmu
173 2210 251 2245 cesus
268 2195 408 2262 usurpari,
425 2194 492 2245 haec
510 2193 622 2245 hordea.
641 2194 708 2243 haee
726 2193 838 2256 horden,
857 2211 871 2243 o
891 2191 1012 2243 hordea.-

10 2264 148 2327 ξεινήια,
172 2266 256 2328 vinu,
280 2266 367 2314 vina.-
392 2272 420 2315 et
444 2264 542 2330 mella,
567 2264 664 2326 mella,
687 2262 779 2312 mella.
813 2263 900 2331 [Sane
919 2279 1013 2329 repre-

10 2346 76 2381 nsus
99 2331 230 2398 Virgilius
254 2332 354 2384 dicitur
377 2350 393 2382 s
417 2333 500 2385 Bavio
524 2341 552 2384 et
568 2332 679 2384 Mnevio
704 2333 757 2382 hoc
781 2348 872 2383 versu:
896 2329 1011 2381 Hordea
1083 2392 1088 2401 .

11 2400 135 2465 tdixis,
151 2415 291 2469 superest,
316 2416 347 2455 ut
364 2406 458 2454 tritico
476 2400 573 2466 dicut]
590 2430 624 2439 -
659 2408 720 2457 211,
741 2398 834 2466 Usque
852 2401 903 2450 suh
923 2413 1011 2451 extre-

10 2486 51 2517 1m
76 2470 219 2533 bruman-
240 2472 259 2523 i.
282 2490 305 2523 e.
327 2490 384 2525 nun
408 2487 494 2540 usque
521 2472 556 2522 sd
579 2471 699 2520 Brumae
723 2466 836 2529 finem,¹
853 2469 901 2519 sed
926 2470 1008 2520 circs.

10 2555 46 2589 un
64 2538 169 2590 brume
185 2540 280 2591 finitur
298 2542 364 2594 vul.
376 2541 483 2593 kalend.
497 2541 646 2592 [anuariar.
664 2539 722 2589 dic:
741 2548 768 2591 et
783 2541 833 2590 istc
851 2554 905 2589 non
925 2554 1011 2605 usque
1082 2600 1085 2605 ,

30 2608 126 2677 ipsum
149 2610 223 2660 diem
249 2609 316 2661 dicit
339 2610 495 2663 serendum.
530 2609 736 2676 [innueramus
762 2617 871 2670 autem,
895 2616 1011 2676 propter

10 2692 61 2745 gur
77 2678 165 2729 durae
182 2687 210 2731 et
226 2696 355 2745 asperae,
379 2687 407 2731 et
424 2681 523 2729 bruma
542 2679 614 2729 dicta
632 2697 648 2730 a
666 2677 958 2755 brevioribnsldiebus.
976 2702 1012 2712 -

10 2756 34 2801 2.
52 2746 173 2798 Necnon
198 2760 223 2798 et
240 2750 298 2801 tini
315 2761 431 2817 segetem
440 2770 447 2812 ;
473 2747 548 2815 utqui
572 2764 655 2818 supra
679 2748 745 2810 (77.)
768 2748 820 2798 eit:
848 2744 911 2795 Urit
935 2748 1011 2795 enim

10 2816 32 2865 n·
56 2832 188 2882 eampum
212 2835 306 2884 σομε,-
331 2818 397 2885 quid
422 2817 526 2885 igitur?
549 2833 597 2865 suo
621 2825 766 2882 tempore,
789 2829 845 2864 non
870 2830 904 2865 eo
928 2830 1010 2878 enno,

10 2898 28 2929 o
50 2901 160 2939 cessere
183 2886 287 2951 debet]
322 2876 432 2937 Cereale
456 2905 594 2954 papam,-
619 2884 661 2936 vel
684 2885 758 2951 quod
782 2891 822 2935 est
845 2882 917 2945 esui,
941 2884 1012 2933 sicut

10 2963 166 3005 intentum:
190 2956 234 3008 vel
258 2957 332 3022 qued
351 2957 435 3007 Ceres
458 2973 505 3006 usa
532 2963 573 3006 est
596 2970 629 3005 eo
653 2954 687 3003 ad
713 2952 880 3002 oblivionem
898 2952 1009 3005 doloris.
1063 3004 1067 3011 .

11 3040 60 3074 sm
78 3022 114 3077 ob
131 3033 245 3095 raptum
258 3025 438 3094 Proserpinae
455 3024 552 3093 vigiliis
570 3030 678 3090 gustato
696 3037 729 3072 eo
748 3029 809 3072 actu
827 3027 867 3071 est
883 3021 912 3072 in
929 3038 1010 3089 sopo-

10 3108 55 3157 m,
74 3092 119 3144 vel
142 3096 206 3161 quis
224 3094 374 3161 Myconem
392 3095 588 3145 Atheniensem
613 3091 738 3142 dilexerit
755 3092 853 3154 Ceres,
877 3099 905 3142 et
921 3098 1011 3143 trans·

10 3170 126 3225 puratum
142 3163 172 3215 in
189 3180 356 3231 papaverem
380 3164 481 3214 tutelae
499 3179 564 3214 suae
585 3161 695 3212 iusserit
710 3159 860 3226 reservari,
885 3160 928 3210 vel
945 3163 1011 3229 quia

10 3232 41 3282 ni
63 3242 234 3301 aspergatur.
252 3260 287 3270 —
321 3239 383 3289 213.
403 3232 539 3299 Tempus;
562 3239 628 3280 tunc
650 3229 754 3282 scilicet
778 3227 836 3292 est]
871 3229 931 3279 Iam
957 3232 1009 3281 du-

10 3320 57 3367 rm3
81 3302 300 3370 quamprimum.
341 3301 399 3363 (Et)
422 3302 476 3353 hoc
500 3301 580 3351 dicit:
606 3299 756 3350 serendum
779 3298 860 3365 [esse]
883 3315 915 3350 eo
939 3307 1011 3351 tem-

10 3388 58 3436 ue,
74 3387 132 3422 non
150 3388 205 3438 quo
224 3370 310 3431 (ism)
327 3370 411 3439 pluit,
433 3370 481 3421 sed
499 3386 553 3437 quo
570 3369 720 3420 imminent
735 3368 849 3436 pluviae.
884 3369 1009 3435 [Incum-

13 3458 38 3490 τι
60 3443 184 3503 aratris,·
208 3441 333 3492 insistere
358 3439 483 3490 urationi.
502 3466 536 3475 -
571 3444 633 3494 214.
651 3437 728 3485 Dum
747 3439 824 3486 sicca
851 3439 949 3489 tellure
974 3440 1010 3488 u·-

10 3520 35 3573 t‚·
57 3508 122 3559 dum
141 3510 233 3561 sdhuc
250 3509 373 3561 nondum
392 3509 476 3579 pluit,
499 3507 621 3559 sedium
640 3513 680 3558 est
697 3506 824 3558 vicinum.
858 3506 937 3556 Dum
957 3525 1010 3556 nu-

11 3578 37 3629 la
52 3580 187 3649 pendeam
211 3580 280 3631 dum
297 3593 385 3647 paene
408 3579 467 3629 iam
482 3577 609 3630 videntur
633 3575 730 3628 nubile
752 3576 891 3646 pendere,
916 3583 945 3628 et
968 3592 1012 3628 ex·

10 3798 56 3851 m)
84 3801 109 3840 G.
123 3799 145 3839 in
158 3800 211 3839 fine:
232 3798 318 3838 initium.
332 3801 381 3839 itsm
394 3801 506 3841 haedorum
520 3801 597 3852 signnm
610 3802 633 3842 in
647 3790 744 3842 autumno
758 3801 787 3841 fit
815 3799 882 3839 lindi
896 3806 964 3839 sutem
978 3799 1013 3839 in-

57 3866 91 3897 ter
108 3859 175 3897 uiden
194 3865 242 3896 sunt
260 3858 281 3897 in
301 3859 384 3897 humero
408 3859 488 3899 sinistro
514 3861 593 3911 aurigas
613 3861 683 3899 stellae
703 3850 810 3910 figuratus,
836 3869 921 3908 querum
940 3870 1013 3897 uccnsu

58 3922 188 3966 sempe-nn·
202 3914 335 3961 concitentur.
363 3917 414 3953 ltenr
428 3917 482 3955 libra
497 3917 536 3955 die.
566 3920 629 3955 varro
644 3918 712 3956 scribit
733 3918 757 3955 ub
778 3913 903 3965 aequinoctio
918 3928 959 3953 uun
973 3916 1013 3953 ob-

57 3973 192 4019 ssmddun,
206 3985 269 4023 usquo
284 3973 313 4011 ed
326 3970 543 4025 diem'nonsgesimum
556 3975 645 4026 primum
658 3983 706 4026 post
719 3974 799 4013 tibrum·

10 4061 54 4113 Μ)
81 4063 108 4103 G.
122 4066 202 4104 Bruma
215 4063 297 4103 videtur
311 4062 365 4103 dicu
379 4076 391 4102 ι
405 4061 494 4102 breviori
507 4071 575 4105 nesta
588 4065 649 4113 solis,
661 4078 703 4104 nun
715 4075 780 4113 usque
793 4066 832 4101 ste.

1090 790 1101 827 't
