2424 4506
148 292 215 359 214
405 286 549 351 snuvn
571 228 932 351 communnione

153 471 226 527 alios
243 470 305 524 aliia
326 472 410 525 rabin
432 480 518 527 atos.
562 471 630 543 lude
652 470 693 523 ait
715 469 825 535 felices,
847 476 876 521 et
896 469 954 521 hoc
976 474 1023 521 est
1046 466 1082 519 ad
1103 470 1177 533 open
1207 459 1211 526 ,ἶ

155 540 303 604 sumenda,
325 551 404 609 aptos
420 492 545 595 felicibus
562 539 662 609 operis.
694 538 748 588 Alii
769 530 866 589 felices'
880 552 933 605 pro
949 536 1077 589 fecundis
1091 534 1176 601 accipi·
1207 541 1211 579 .·’

155 618 220 676 unt,
243 618 274 660 ut
289 614 332 673 (2,
350 612 438 675 188.):
464 610 636 677 Felicemque
660 605 749 659 tratis
765 607 875 657 limum.
908 606 972 657 Alio
993 605 1110 669 ordine,-
1130 602 1172 653 hot

158 686 212 743 est,
235 694 293 729 non
311 693 406 731 omnes
423 681 481 731 dies
496 680 564 730 facit
581 695 613 729 ae
668 675 723 727 les:
745 676 794 727 aad
816 673 916 727 diversi
932 672 1040 737 ordinis
1061 680 1091 727 ct
1103 668 1171 753 tuost
1182 734 1185 745 Ι
1196 686 1211 747 ἦ

154 747 779 887 ἕὲἰιῗιιὶῗῖιὶἒὶιῗ“ἓρὲἶιἰὶἶῑὲιιῆιιῗὲἷι·
793 740 1211 887 ftlfflzldslffl

155 888 184 935 te
200 881 333 948 Felices],
354 891 432 953 aptos
447 884 573 937 felicibus
591 880 728 953 operibus.
765 880 904 960 Quintam
921 881 1014 949 juge5
1037 881 1079 948 [ut
1093 880 1166 947 ΨΜ
1193 900 1211 925 -;

155 949 222 1004 luna
244 950 344 1003 nullius
368 952 458 1022 operis
480 952 593 1003 initium
615 949 727 1017 summ]
759 948 868 1001 Dicatur
891 952 969 1002 enim
994 949 1041 999 hic
1057 950 1211 1017 numech!

155 1018 300 1072 Minervae
324 1035 383 1072 esse
405 1029 592 1086 consecratus,
616 1035 703 1088 quam
724 1019 849 1073 sterilem
871 1034 931 1073 esse
954 1024 1070 1069 constat.
1108 1010 1164 1091 uui
1192 1070 1197 1087 .-

157 1089 244 1141 atiam
262 1089 357 1142 omnia
373 1091 476 1143 sterilia
492 1091 589 1161 quinta
611 1088 679 1140 luna
695 1096 762 1141 nata
778 1106 837 1141 esse
853 1088 999 1139 dicuntur:
1022 1092 1070 1150 ut,
1091 1082 1165 1145 Οιση
1193 1104 1200 1131 ,ι

156 1157 266 1221 Furiae,
283 1158 330 1224 (et)
342 1158 483 1228 Gigantes.
518 1157 647 1210 Pallidus
664 1173 764 1224 οπως
783 1158 848 1227 quia
863 1156 980 1227 pallidos
996 1154 1071 1206 facit
1104 1150 1165 1229 [llil
1195 1172 1211 1203 a

156 1224 216 1299 ipse
239 1225 320 1292 niger
338 1235 385 1279 est.
419 1229 538 1292 Ptobus‚
561 1228 661 1278 orchus
681 1227 757 1295 legit.
792 1226 931 1278 Cornutus
952 1232 1029 1276 vetat
1049 1222 1166 1293 upum
1192 1232 1200 1273 .-“

156 1311 224 1347 uem
241 1295 405 1348 addendam.
437 1296 548 1349 Hesiod.
570 1312 668 1347 orcum
693 1296 790 1364 quinta
811 1296 877 1347 luna
900 1293 968 1365 dipit
990 1300 1096 1343 natum.
1124 1284 1167 1339 (ld-
1194 1310 1211 1361 ι-

156 1378 216 1427 sus,
240 1372 271 1414 ut
287 1364 467 1417 lurisiurandi
483 1367 567 1417 deum
584 1364 719 1432 pallidum
736 1364 856 1428 dictum,
881 1362 947 1430 quia
968 1360 1092 1413 iurante·
1104 1366 1167 1427 usp
1198 1376 1211 1413 ⁵.

156 1432 268 1484 datione
291 1432 450 1503 pallescunt.
482 1435 556 1485 Nam
579 1433 652 1505 apud
670 1432 777 1485 Orcum
793 1432 942 1486 defunctae
965 1426 1168 1483 animae'iumt
1193 1453 1199 1465 ·

156 1501 300 1565 dicuntur,
323 1519 359 1553 ne
377 1504 443 1571 quid
459 1519 536 1570 suos,
561 1519 629 1571 quos
645 1503 675 1555 in
693 1502 747 1553 vita
764 1502 939 1571 reliquerunt
955 1508 1056 1551 contra
1071 1498 1124 1549 un
1136 1490 1169 1547 ὖ
1201 1519 1211 1553 ε

155 1569 403 1637 iuvent.·Orcus;
420 1572 527 1636 Pluton,
544 1573 610 1623 deus
626 1569 796 1636 inferni.]—
829 1575 892 1627 278.
911 1568 1081 1619 Eumenides
1096 1568 1169 1627 semp
1195 1600 1203 1621 ι

155 1639 186 1709 [i.
203 1656 227 1692 e.
251 1645 341 1691 natae.
358 1639 443 1709 ,Et‚]
468 1648 500 1691 ut
521 1657 604 1710 saepe
629 1640 761 1706 diximus,
782 1633 842 1691 κατ’
865 1632 1040 1708 εὖφημισμδν
1062 1628 1169 1689 fiuntd·
1201 1660 1211 1690 :

155 1708 203 1759 dea
220 1716 360 1759 vocantur.
394 1709 486 1779 [Quod
503 1726 560 1762 nou
575 1708 681 1761 habent
704 1709 808 1760 bonam
824 1708 1010 1773 voluntatem,
1032 1706 1092 1759 ie.
1111 1714 1170 1757 Μ·
1200 1730 1211 1763 z

154 1782 228 1841 tem,
250 1776 321 1827 sicut
336 1777 448 1830 Parcae.
484 1777 555 1847 Quia
571 1779 640 1831 nulli
657 1776 794 1845 parcant]
827 1776 962 1846 Nefanda
972 1784 990 1842 ,·'
1000 1772 1169 1843 sacrilego.-

156 1849 220 1904 279.
241 1844 374 1913 [Coeum
398 1846 514 1900 nomina
537 1855 601 1899 sunt
617 1846 795 1915 Gigantum]
827 1846 880 1897 Per
899 1844 1004 1897 Coeum
1028 1851 1119 1897 autem
1136 1830 1171 1909 [dl
1196 1864 1211 1899 2

156 1912 305 1983 Typhoea,
322 1922 350 1966 et
365 1916 505 1985 Iapetum,
529 1930 627 1969 omnes
644 1917 672 1984 gi
693 1922 770 1967 antea
785 1915 979 1999 intelligimus:
1001 1915 1081 1983 [quot
1096 1908 1170 1979 φὶ
1203 1940 1211 1949 „

156 1981 223 2033 luna
240 1981 307 2034 dicit
324 2000 383 2035 esse
401 1983 500 2051 natos]
516 2012 549 2023 -
585 1991 647 2043 280.
670 1932 706 2035 lit
723 1987 890 2037 coniuratos
907 1976 1170 2035 coelummsce'ulut
1183 1992 1211 2039 Ἃ

150 2049 278 2121 fratres,-
296 2052 402 2103 Othum
418 2061 447 2106 et
463 2054 623 2124 Ephialtem
637 2054 720 2119 dicit,
736 2055 796 2123 [qui
813 2055 926 2107 fuerunt
942 2052 994 2103 lilii
1010 2048 1141 2119 Neptuni,
1151 2046 1184 2109 d,

43 2172 46 2177 ,
154 2135 255 2172 novem
273 2121 365 2189 digitis
387 2121 499 2190 singulis
517 2122 681 2177 crescebant
702 2122 857 2174 mensibin:
880 2136 936 2189 qun
959 2122 1026 2174 freti
1049 2112 1171 2173 altitudine
1197 2144 1211 2177 ι

156 2188 266 2240 coelum
284 2189 428 2242 voluerunt
443 2199 584 2246 evertere:
606 2192 655 2243 sed
679 2190 778 2243 confixi
801 2198 864 2243 sunt
886 2189 995 2257 sagittis
1010 2183 1172 2259 Aponiana
1199 2219 1211 2239 -.-

156 2256 283 2323 Dianae]
300 2285 334 2296 -·
368 2264 430 2317 281.
449 2259 524 2314 Pelio
543 2278 654 2324 ossam,-
678 2260 778 2327 [monti
795 2257 973 2324 Thessaliae]
1008 2256 1084 2309 Pelio
1101 2250 1211 2320 ΗΜ

65 2340 72 2365 ¹
156 2340 194 2444 pa
217 2333 274 2378 est:
297 2328 346 2381 sed
370 2327 402 2377 fit
425 2328 530 2394 brevis,
554 2336 685 2399 sequente
710 2345 725 2379 o
743 2330 842 2381 vocali:
864 2337 896 2379 ut
918 2323 1110 2394 (a.5‚261·)2
1130 2314 1211 2389 ωἰτ.

174 2394 213 2445 liu
238 2396 304 2449 ulto.
354 2397 477 2463 Ossum5
507 2398 595 2451 alium
624 2397 737 2464 (Burin.
760 2398 832 2450 coni.
860 2398 990 2449 alterum.
1029 2395 1070 2447 Al.
1092 2384 1201 2461 allofili:

155 2470 282 2516 montem
307 2465 451 2520 Thraciae.
467 2494 503 2506 -
538 2474 600 2526 282.
619 2466 770 2535 Olympum
778 2489 788 2530 ,·
811 2466 926 2518 tertium
949 2472 1079 2516 montem
1099 2460 1211 2527 Mmp

157 2532 271 2586 doniae:
295 2542 323 2587 et
339 2534 430 2603 (liene)
446 2536 561 2588 tertium
579 2536 655 2605 quasi
672 2535 810 2587 maiorem
833 2535 972 2586 involvere
990 2536 1037 2585 ait
1054 2558 1088 2571 -·
1126 2530 1172 2585 lll-
1189 2540 1211 2595 ι,

155 2600 412 2674 [Pater31uppiter.
448 2604 587 2670 Disiecit;
616 2602 735 2669 deiecit]
751 2631 786 2641 -·
821 2607 883 2661 284.
900 2603 1024 2669 Septima
1041 2592 1172 2675 pottdttf'·
1188 2568 1211 2657 i,

159 2687 233 2721 mum
256 2671 343 2740 felix,
367 2681 414 2724 aut
436 2676 584 2743 septimam
601 2673 740 2725 decimam
758 2672 842 2738 dicit,
865 2680 913 2723 aut
936 2673 991 2723 hoc
1016 2671 1097 2723 dicit:
1117 2662 1173 2717 Feln
1189 2677 1211 2734 ἰΞ

157 2739 270 2807 quidem
287 2749 329 2792 est
344 2741 478 2810 septima,
502 2745 548 2795 sed
566 2742 674 2795 felicior
691 2742 815 2792 decima:
839 2748 871 2791 ut
887 2742 1015 2809 primum
1037 2741 1127 2792 locun
1138 2732 1172 2797 dt·
1190 2754 1211 2777 ²1

156 2808 246 2862 cimae
271 2811 480 2879 (de)relinquat‚
501 2814 586 2880 [quae
603 2810 641 2860 sit
663 2810 741 2861 valde
765 2810 845 2874 felix,
870 2811 1025 2862 secuudum
1046 2790 1205 2879 septimiti-i,

157 2894 229 2946 qnae
253 2886 314 2950 post
331 2878 455 2932 decimae
476 2881 638 2933 felicitatem
663 2880 698 2932 sit
714 2878 847 2930 secunda:
876 2886 907 2928 ut
932 2897 964 2931 ea
986 2878 1062 2931 nulla
1078 2878 1111 2928 sit
1129 2868 1173 2927 felt-
1188 2870 1211 2935 ²,-

157 2947 233 3013 cior,
264 2956 374 3017 excepta
400 2948 515 3001 decima.
556 2951 610 3001 Aut
632 2956 724 3013 certe,
753 2948 824 2998 sicut
846 2947 960 3015 quidam
991 2944 1114 3011 voluut;]
1138 2938 1206 2995 111ι

156 3023 287 3083 quartam
304 3017 444 3069 decimam
461 3017 601 3089 accipiunt
617 3024 648 3066 ut
665 3017 700 3068 sit
717 3015 795 3078 felix,
813 3023 855 3067 est
871 3018 990 3087 septima
1007 3015 1195 3085 duplicatum}

157 3103 196 3148 e.,
214 3086 289 3135 cuius
306 3101 439 3138 numerus
456 3095 519 3157 post
536 3086 674 3138 decimam
691 3086 844 3137 invenitur:
863 3101 917 3154 quo
935 3087 981 3137 die
1000 3102 1032 3137 re
1049 3100 1111 3136 veru
1123 3078 1173 3131 vitu
1188 3112 1208 3145 ι,

155 3152 255 3204 melius
272 3155 410 3223 ponimus.
433 3182 462 3193 -·
495 3162 558 3214 285.
575 3154 734 3223 [Domitore
759 3155 857 3218 bovet;
882 3155 1036 3219 instruere,
1057 3144 1194 3221 quomodt-

157 3222 264 3288 possint
286 3224 360 3275 ferre
386 3224 513 3279 laborem
536 3225 647 3276 arandis
672 3231 699 3275 et
721 3223 809 3274 sciant
826 3223 861 3274 ad
884 3223 985 3290 iugum
1002 3222 1103 3294 pariter
1117 3218 1195 3283 inor,

157 3290 250 3356 dere]
274 3318 309 3328 -
358 3298 420 3351 ¹286.
445 3293 527 3347 Nova
545 3293 620 3363 fuge
645 3294 759 3357 melior,
784 3293 930 3343 contraria
947 3292 1043 3362 furtis
1052 3312 1063 3355 ,-
1084 3304 1135 3343 nou
1150 3284 1174 3333 1*
1206 3326 1211 3331 -

157 3358 246 3410 stultia
262 3358 384 3426 videtur,
405 3363 535 3431 Virgilius
553 3371 600 3413 aut
616 3362 714 3430 fugam
732 3361 815 3413 servis
832 3362 942 3427 suadet,
966 3362 1070 3415 anteit
1092 3354 1194 3411 indicti:

157 3427 216 3479 dies
240 3428 338 3497 quibus
360 3447 389 3481 se
413 3449 430 3483 a
453 3432 559 3501 rapinis
581 3431 743 3484 abstineant.
792 3429 865 3479 Nam
890 3437 919 3481 et
948 3430 1046 3495 fugam
1070 3427 1102 3479 de
1127 3432 1173 3495 prt-

156 3496 277 3549 fectione
301 3505 329 3550 et
351 3514 433 3551 cursu
455 3500 586 3568 legimus:
612 3507 643 3550 ut
666 3500 719 3566 (G.
736 3508 769 3562 3,
787 3500 875 3559 202.):
902 3498 997 3551 Simul
1022 3515 1089 3550 arua
1107 3493 1174 3564 susle
1197 3500 1211 3537 :

159 3567 248 3617 simul
267 3583 390 3635 aequora
409 3569 592 3638 verruntnffll.
611 3571 712 3633 verrit,
734 3570 830 3631 vertit,
854 3571 998 3633 verrens),
1021 3568 1094 3621 uude
1109 3562 1173 3617 stiffi

158 3635 282 3688 velocem
306 3651 409 3703 equum
432 3640 563 3705 fugacem
581 3637 712 3689 dicimus:
736 3644 764 3689 et
786 3638 854 3705 fuga
871 3636 1066 3709 potestatium
1082 3634 1176 3707 honest
1203 3662 1211 3677 ι

78 3754 85 3761 ,
159 3721 234 3772 csse,
256 3713 288 3755 ιιι
304 3706 326 3756 si
344 3706 404 3774 quis
420 3707 544 3775 hostem,
567 3707 668 3776 siquis
690 3704 885 3758 imminentem
908 3714 1075 3776 tyrannum,
1096 3704 1176 3769 siqu·

158 3790 269 3825 saevum
285 3775 408 3827 iudicem
425 3776 519 3844 fugiat.
552 3776 704 3829 Contraria
721 3782 815 3827 autem
832 3774 931 3828 Furtis
947 3775 1015 3827 illuc
1032 3778 1143 3855 spectat,
1154 3770 1178 3815 ui

159 3842 273 3895 domino
290 3843 324 3894 sit
347 3860 408 3917 spes
424 3844 582 3898 inveniendi
600 3845 674 3914 quod
691 3844 833 3908 amiserit,
857 3853 886 3897 et
901 3860 1005 3914 rapere
1021 3840 1124 3915 ahquid
1137 3834 1200 3916 sat-⁸

159 3929 207 3965 vus
230 3914 363 3967 formidet
389 3914 541 3983 aufugiens.
564 3941 598 3952 —
640 3920 703 3972 287.
719 3914 809 3977 Adeo:
834 3912 853 3965 i.
872 3931 897 3966 e.
920 3913 1009 3966 valde.
1052 3915 1181 3965 Terentio
1205 3902 1211 3935 ³

158 3983 240 4048 (Eun.
256 3987 287 4048 1,
303 3994 338 4048 2,
356 3984 440 4045 124.):
468 3985 675 4037 Adolescentem
693 3985 761 4034 adeo
782 3982 911 4035 nobilem.
947 3982 1057 4035 Melius
1075 4000 1104 4035 se
1122 3985 1183 4053 nnete

160 4050 273 4119 dedere,
302 4052 321 4104 i.
346 4069 369 4106 e.
394 4055 463 4126 [per
490 4051 623 4120 noctem]
646 4053 745 4108 melius
768 4060 863 4105 nostro
887 4051 1082 4123 obsequuntur
1103 4049 1185 4103 labori
