2288 4514
246 274 283 337 u
307 262 741 377 vruous'1ssouo‘1cl.
817 242 830 259 '
895 251 902 259 ”
939 266 1004 353 iss

66 454 996 487 *dmm—...-

179 1206 338 1279 MAURI
367 1204 522 1278 SERVII
547 1201 799 1275 HONORATI

373 1356 609 1452 cusmmmcr

113 1590 478 1699 .VIRGILII
546 1590 1001 1683 GEORGICON

291 1914 296 1926 -
346 1856 540 1950 LIBR.
597 1860 629 1949 1.

393 2130 577 2143 ffl—

63 2385 132 2456 gilius
148 2383 179 2435 in
196 2380 326 2452 operibus
342 2378 396 2431 suis
412 2377 533 2430 diversos
549 2384 656 2429 secutue
673 2386 714 2430 est
725 2379 836 2449 pobtss:
851 2378 1005 2435 Homerum

63 2454 159 2507 neide:
189 2466 289 2519 quem,
316 2448 381 2500 licet
403 2447 485 2514 longo
509 2446 669 2511 intervallo,
696 2456 804 2500 secutus
827 2457 867 2502 est
895 2458 1005 2513 tamem

63 2524 154 2575 ritum
178 2519 208 2570 in
226 2517 373 2581 Bucolicis,
397 2531 485 2583 equo
504 2530 560 2565 uon
585 2514 667 2583 longe
686 2516 777 2578 ebest3
800 2519 950 2571 Hesiodum
972 2519 1007 2570 in

62 2590 114 2643 brie
132 2586 305 2658 (quattuor),
326 2601 410 2655 quem
431 2582 539 2652 penitus
562 2583 681 2652 reliquit.
720 2584 772 2635 Hic
794 2596 888 2638 autem
911 2588 1007 2639 Hesio·

62 2660 91 2710 rit
107 2659 144 2712 de
161 2659 245 2708 Ascra
262 2655 369 2706 civitate
386 2652 489 2720 (Guelf.
504 2652 525 2703 l.
542 2652 575 2702 ll.
592 2653 626 2704 al.
644 2654 764 2715 insula),
781 2655 828 2722 qui
845 2655 953 2718 scripsit
969 2655 1005 2706 ud

62 2746 88 2778 m
112 2742 195 2777 suum
213 2725 314 2776 Persen
337 2723 442 2774 librum
466 2736 551 2789 quem
576 2720 720 2792 appellavit
743 2721 809 2791 ἔργα
831 2730 876 2775 sul
892 2719 1007 2792 ἡμέρας,

62 2813 140 2867 >pero
164 2803 193 2846 et
216 2793 281 2845 dies.
321 2792 373 2843 Hic
396 2799 491 2844 eutem
513 2790 583 2842 liber
607 2789 746 2854 continet,
789 2793 1004 2843 uemndmodum

64 2874 92 2918 et
108 2863 210 2933 quibus
227 2860 399 2930 temporibus
415 2860 470 2911 tint
486 2858 609 2911 colendi:
634 2859 711 2910 cuius
727 2859 761 2910 tit
789 2876 838 2911 tun
854 2863 1006 2919 transferre

66 2933 162 3000 ‚sicut
176 2930 370 2981 Bucolicorum
386 2928 540 2979 transtulit:
564 2927 635 2980 sicut
649 2927 790 2979 Aeneideu
807 2928 953 2996 appellavit
969 2929 1006 2983 ad

62 3003 158 3054 ionem
176 3000 325 3067 Odysseae:
347 3005 442 3049 temen
467 3013 533 3049 eum
550 3011 601 3063 per
616 2995 790 3067 periphrasin
807 2999 898 3067 primo
916 2998 1006 3066 expri-

62 3087 127 3124 'ersu
154 3068 262 3120 dicens:
285 3065 431 3131 Indicabo,
454 3080 510 3134 quo
535 3080 636 3132 opere,
661 3073 690 3118 et
713 3065 812 3133 quibus
834 3067 1007 3137 temporibus

62 3137 188 3191 colendus
204 3136 248 3187 sit.
280 3135 388 3204 Ingenti
405 3142 499 3187 autem
521 3135 580 3202 egit
596 3141 672 3197 arte,
696 3142 727 3184 ut
748 3136 902 3201 potentiam
926 3135 1008 3188 nobis

62 3209 166 3261 diceret
181 3204 304 3272 ingenii,
321 3204 493 3255 'coarctando
510 3203 581 3267 luto,
605 3211 633 3255 et
655 3201 836 3270 angust[ior]u
859 3204 1008 3256 dilatando.

63 3292 126 3327 cum
143 3273 260 3325 Homeri
286 3280 313 3324 et
330 3273 472 3325 Theocriti
497 3273 526 3323 in
550 3271 715 3324 brevitatem
731 3271 832 3341 scripte.
848 3270 1027 3341 collegeritt'

61 3342 186 3396 ¹Hesiodi
198 3342 302 3393 librum
315 3341 405 3393 divisit
421 3343 450 3392 in
468 3347 613 3408 quattuon
631 3341 703 3408 quod
721 3334 828 3393 rolione
845 3357 900 3392 non
920 3349 1004 3393 curet.

66 3412 153 3464 omnis
169 3418 261 3474 terra,
287 3418 316 3460 ut
333 3410 418 3462 etism
436 3412 523 3460 Varro
540 3409 634 3471 docet,
651 3408 850 3476 quadrifariam
868 3410 1005 3461 dividitur.

61 3481 126 3532 enim
150 3495 229 3530 arvus
253 3488 294 3543 est
318 3494 400 3546 ager,
423 3479 440 3529 i.
459 3497 482 3531 e.
508 3478 659 3530 sationalis:
683 3485 731 3529 eut
754 3478 913 3543 consitium,
938 3479 956 3529 i.
982 3495 1007 3530 e.

78 3548 234 3601 arboribus:
259 3557 307 3601 eut
330 3563 461 3614 pascuus,
483 3551 531 3614 qui
553 3547 648 3603 herbis
671 3554 781 3598 tontum
798 3554 826 3599 et
842 3545 1008 3598 animalibus

65 3626 130 3669 :out
144 3616 268 3683 floridus,
283 3619 312 3668 in
331 3632 385 3683 quo
403 3626 466 3668 sunt
482 3616 556 3667 horti
573 3615 670 3684 apibus
683 3624 868 3682 congruentes
886 3623 915 3666 et
930 3613 1007 3671 flori·

72 3685 142 3738 Male
165 3695 259 3738 sutem
277 3687 390 3754 quidum
407 3685 610 3752 Georgicorum
635 3684 702 3733 duos
726 3691 836 3735 tantum
853 3700 910 3735 esse
934 3699 1006 3734 asse·
1076 3703 1078 3706 ·

70 3753 162 3806 libros:
192 3755 314 3809 dicentes
339 3755 507 3822 Georgicum
530 3770 605 3817 esse,
635 3749 682 3821 γῆς
707 3751 801 3833 ἔργον,
825 3753 844 3803 i.
868 3770 891 3802 e.
914 3759 1008 3802 terrae

61 3837 110 3873 om:
135 3840 217 3891 quom
234 3824 322 3894 primi
339 3823 392 3875 duo
410 3825 553 3873 continent
569 3821 647 3873 libri:
670 3830 822 3874 nescientes
845 3818 961 3871 tertium
978 3826 1008 3870 et

61 3894 117 3954 hm,
130 3891 192 3944 licet
203 3893 371 3960 Georgicum
384 3909 440 3949 nou
455 3890 584 3954 habeant,
601 3897 697 3942 tamen
716 3891 751 3942 ud
760 3889 908 3940 utilitatem
925 3886 1008 3938 rusti-

71 3959 202 4024 perfluere.
236 3961 309 4012 Num
328 3969 355 4013 et
370 3975 473 4029 pecora
489 3967 517 4013 et
533 3975 599 4029 spes
614 3959 727 4023 habere,
743 3957 824 4008 studii
838 3963 880 4007 est
895 3955 1007 4006 musici:

60 4025 400 4100 autumnis-agriculturam
416 4028 502 4082 etiam
525 4028 556 4080 iu
578 4027 622 4080 his
638 4027 746 4080 duobus
763 4023 940 4095 sequentibus
965 4023 1007 4075 iu-

653 4366 666 4401 b
