2424 4506
42 250 46 257 '
130 289 171 333 m
194 267 349 335 ruem
372 268 960 363 auNEID.LIB‚XI1‚768.-794·
1035 278 1081 345 ss

41 458 79 523 (8,
93 452 188 521 4'08.):
211 450 303 509 {iecra
328 456 366 507 cd
384 455 512 524 fastigia
530 455 600 524 firi.
632 456 686 525 [Et
708 456 869 529 quaeritur,
892 474 942 531 cup
964 465 1081 513 terreno

27 526 87 579 ÷de⁰
103 533 210 578 naume
229 527 301 578 dona
326 527 539 594 suspenderent,
563 528 628 593 quia
653 534 760 577 constat
778 541 873 578 omnes
896 524 924 578 iis
949 527 1081 595 periculis
1167 554 1174 568 ι

37 594 91 647 uie
106 595 177 646 deos
192 595 298 663 patrios
315 595 453 658 invocare,
471 603 499 646 et
515 595 579 659 ideo¹
595 596 647 646 illis
665 606 726 643 vota
738 594 843 646 solvere
861 612 980 662 quorum
997 597 1080 647 fami-

43 660 132 715 tarius
148 660 258 716 numen
272 663 404 734 opitulari
420 664 473 715 sibi
490 662 624 728 credaut]
639 690 671 700 -
706 670 768 719 770.
785 663 874 715 Nullo
895 666 1081 730 discrimina

33 731 97 795 ¹siue
118 731 238 801 [aliquo]
260 731 362 783 intuitu
385 733 535 798 religionis.
569 733 709 800 [Et'deest
732 731 845 798 habito,
870 741 899 782 ut
923 733 972 798 sit,
997 735 1078 785 nulio

49 800 209 851 discrimine
230 800 337 852 habito.
377 801 591 868 Intelligendum
614 811 709 853 autem
731 809 845 852 eatenus
869 801 985 868 stirpem
1001 801 1081 867 ¹erci-

51 884 102 920 sum
117 878 255 938 mutentur
272 887 356 936 supra
373 879 478 921 terram
500 871 568 932 fuit3
594 887 660 938 ergo
680 873 794 936 stirpem
818 885 869 940 pro
889 873 1016 922 arborem
1035 887 1080 922 ac·

29 938 214 1005 'eipiendum,
231 939 296 1007 quia
313 947 342 990 et
359 940 481 991 indolem
500 941 616 1006 stirpem
634 938 792 1008 appellant]
810 965 843 975 -
880 948 942 996 773.
960 940 1079 990 Fixamr

53 1018 74 1057 st
85 1008 170 1058 lenta·
177 1007 274 1059 radice
291 1009 400 1059 tenebat
407 1028 420 1071 ;,
438 1009 553 1079 plenum
571 1016 625 1071 est,
650 1025 735 1076 quam
757 1007 835 1059 radix
858 1005 941 1058 fixam
958 1010 1081 1060 tenebat.

54 1074 91 1143 [ts
110 1076 183 1128 bene
200 1077 325 1142 urebat,
350 1077 427 1145 quasi
450 1085 564 1147 propter
588 1076 729 1143 piaculum
751 1084 877 1128 remotae
901 1077 1009 1127 arboris
1026 1078 1081 1128 hoc
1104 1138 1109 1147 p

53 1143 146 1196 'ritem
162 1161 257 1215 passsis
274 1147 395 1209 Aeneas,
413 1153 441 1197 et
456 1146 520 1198 ideo
538 1145 604 1197 dixit
620 1148 737 1211 tenebat,
752 1146 828 1214 quod
845 1147 914 1197 adeo
932 1145 1081 1197 verisimile

54 1220 98 1278 est,
119 1220 151 1262 ut
173 1215 288 1279 Faunus,
308 1214 436 1265 Tirenum
463 1215 570 1280 audiat,
597 1222 626 1266 et
648 1215 760 1275 hastam
782 1223 915 1267 moretur.
940 1241 976 1252 -
1018 1221 1081 1272 775.
1162 1265 1166 1269 ,

55 1278 177 1334 Prendere
194 1299 300 1349 ουτως
329 1283 442 1351 quidam
465 1283 607 1336 humiliter
624 1286 757 1350 prendere
776 1301 862 1335 cursu
882 1282 986 1335 dietum
1010 1283 1082 1334 acci·

29 1408 32 1413 ¹
54 1349 192 1419 piant}-
225 1357 289 1409 778.
305 1351 422 1403 Ferrum
442 1365 515 1404 terra
534 1365 610 1416 tenc,·
629 1353 754 1422 [ferrum
772 1371 823 1422 pro
840 1352 913 1414 telo;
939 1360 1016 1404 terra
1034 1368 1083 1403 au-

25 1480 29 1485 ,
55 1418 111 1483 teto]
126 1435 179 1488 pro
197 1420 291 1485 ullus,
309 1418 479 1481 elementum
495 1437 546 1489 pro
560 1422 612 1477 dea
626 1423 773 1491 posuit-
807 1426 868 1478 779.
885 1422 973 1488 [Bello
987 1423 1082 1492 fecere

31 1490 35 1521 ·'
57 1488 198 1559 pmscnos5
224 1490 380 1558 profanum
398 1493 511 1559 proprie
528 1490 628 1555 dieitur
646 1492 720 1558 quod
739 1508 770 1543 ex
787 1490 917 1558 religiosa
933 1508 965 1542 re
983 1494 1014 1542 in
1032 1490 1082 1541 lro·

32 1620 35 1629 Ι
55 1557 151 1608 murum
173 1573 258 1608 usum
281 1563 466 1625 convertitur,
488 1567 519 1610 ut
534 1559 587 1610 *hic
610 1559 768 1628 plenissime
792 1560 960 1624 ostenditur,
985 1559 1082 1610 diceus

56 1625 119 1677 euim
135 1625 261 1679 turnus:
285 1628 364 1678 colui
388 1641 494 1679 vestros
517 1629 546 1679 si
559 1646 675 1695 ,semper
699 1627 840 1679 honores?
877 1627 957 1693 Quos
983 1639 1082 1679 contra

56 1694 190 1746 Aeneadae
208 1697 280 1747 dello
300 1695 395 1763 fecere
412 1697 565 1765 profanos,
589 1704 618 1748 et
638 1697 691 1747 sibi
714 1697 874 1764 religiosam
896 1698 978 1748 tuisse
1002 1696 1084 1747 arbo-

56 1776 114 1829 rem,
129 1772 157 1816 et
173 1781 191 1815 a
205 1764 334 1816 Troianis
349 1766 380 1816 in
398 1781 479 1816 usum
496 1782 676 1817 communem
691 1766 774 1817 luisse
792 1775 999 1831 consumptam:
1015 1780 1084 1816 nam

57 1847 82 1883 ex
95 1848 142 1885 sua
157 1849 279 1904 persona
295 1850 378 1902 supra
394 1839 476 1901 poeta
492 1835 546 1897 ait3
563 1834 644 1885 Forte
659 1851 738 1885 sacer
751 1833 848 1883 Fauni
859 1834 949 1901 foliis
966 1836 1084 1886 oleaster

32 1905 154 1961 ,amaris
184 1901 244 1952 Hic
270 1913 382 1953 steterat
407 1906 504 1954 nautis
537 1905 622 1968 otim,
654 1911 682 1954 et
711 1903 862 1954 subiunxit:
893 1903 944 1953 Sed
969 1906 1084 1966 stirpem

29 1990 33 1997 ¹
58 1968 149 2022 Teucri
165 1973 247 2023 nullo
267 1974 442 2038 discrimine,
460 1981 511 2025 etc.
528 1981 557 2025 at
573 1980 670 2039 postea
686 1972 803 2024 dicendo
822 1972 892 2023 hello
906 1973 1001 2040 fecere
1018 1989 1083 2039 prc-

53 2036 146 2106 fanas,
167 2041 264 2092 docuit
285 2041 440 2109 profanum
464 2060 522 2094 esse
545 2041 620 2110 quod
642 2059 659 2092 a
680 2041 816 2109 religione
841 2042 871 2092 in
895 2058 975 2091 usum
993 2041 1084 2091 homi·

58 2123 115 2159 uum
136 2109 262 2175 transiit,
284 2127 362 2162 sacro
386 2112 536 2180 proianum
560 2111 749 2175 contrariumj
773 2118 804 2159 ut
825 2112 895 2162 festo
920 2111 1085 2180 profestum,

57 2178 115 2228 iasto
131 2172 283 2230 nefastum:
314 2180 389 2246 Ergo
406 2195 464 2231 non
483 2196 566 2232 omne
580 2180 654 2246 quod
670 2195 782 2245 sacrum
800 2195 857 2230 non
874 2180 909 2229 sit
926 2181 1085 2249 profanum,

57 2247 96 2298 ad
110 2247 182 2314 quod
200 2263 312 2298 socrum
329 2249 414 2299 fuerit
431 2256 460 2300 et
476 2248 606 2313 desierit]
620 2273 652 2284 -
687 2255 749 2304 780.
766 2247 833 2299 Non
851 2266 933 2298 cassa
953 2250 986 2298 in
1001 2263 1084 2312 vota,-

57 2330 105 2369 uou
118 2315 153 2366 ad
169 2317 267 2368 inania
283 2323 345 2368 vota
362 2320 488 2384 poposcit
504 2318 643 2369 auxilium.
661 2344 695 2353 -
730 2322 791 2374 781.
810 2317 937 2368 Lucrans
956 2319 1096 2384 lentoque

58 2384 83 2433 in
98 2387 182 2451 stirpe
202 2396 349 2448 moratuss
361 2386 478 2438 luctatus
496 2394 525 2440 et
540 2394 663 2437 moratus
681 2393 741 2438 erat
756 2388 911 2454 integrum,
929 2387 1002 2454 qitod
1019 2391 1087 2439 vita·

56 2452 87 2503 rit
100 2462 213 2524 propter
231 2449 442 2523 ὅμοιοτέλευτον.
478 2456 525 2524 [Ιη
536 2459 623 2522 stirpe
641 2458 735 2506 autem
752 2455 799 2504 hic
816 2455 940 2506 radicem
954 2454 1086 2519 dixit]-

57 2528 108 2578 '784
123 2522 240 2574 Rursus
259 2528 290 2574 in
310 2517 429 2592 durigae
441 2525 551 2594 faciem
571 2536 678 2573 mutata
693 2525 809 2574 Metisci
815 2544 823 2589 3
844 2520 914 2576 nurci
929 2519 961 2576 esi
976 2520 1087 2576 σιωπώ-

56 2608 125 2658 μενον
141 2592 322 2660 intelligimus
340 2595 485 2646 Iuturnam
502 2597 532 2645 iu
549 2609 656 2644 numen
671 2590 827 2658 reversam,
851 2596 997 2663 postquam
1016 2595 1090 2645 Tur-

57 2675 98 2711 nus
113 2677 212 2712 currus
234 2661 280 2726 (sl.
298 2666 425 2723 currum)
449 2663 570 2730 reliquit.
587 2689 621 2699 -
662 2667 723 2719 786.
741 2663 851 2712 Audaci
869 2662 1015 2728 Nymphae
1021 2686 1031 2727 ‚-
1056 2670 1089 2713 ut

49 2722 128 2797 ¹uqrra
145 2734 191 2796 (9,
209 2730 244 2791 3.)
262 2730 391 2796 diximus,
416 2733 573 2799 ubicunque
596 2730 702 2783 inducit
724 2730 859 2782 nitentem
884 2732 1006 2798 aliquem
1027 2732 1088 2783 sine

57 2800 166 2863 effectu,
192 2800 328 2849 audacem
346 2801 419 2852 dicit.
455 2801 618 2866 [Praecipue
636 2808 730 2850 autem
747 2799 801 2849 hoc
819 2799 853 2851 de
869 2799 978 2851 Rutulis
996 2816 1086 2852 serva.

56 2866 86 2916 tit
102 2867 251 2933 dicens-(9,
265 2870 352 2930 518.):
371 2869 428 2920 Nec
448 2882 550 2920 curant
568 2886 646 2920 coeco
667 2870 830 2919 contendere
848 2868 940 2918 Marte
957 2868 1088 2935 Amplius

56 2937 170 2986 audaces
188 2928 302 3000 Rutuli,
320 2944 372 2988 etc.
408 2938 523 3002 Licere,·
540 2955 592 3009 pro
611 2939 685 3003 quod
704 2937 819 3001 liceret]
836 2965 870 2974 -
904 2943 966 2994 788.
984 2941 1089 3003 Armis,

56 3007 211 3072 animisque
231 3005 344 3074 refect&
361 3006 432 3058 sicut
449 3009 542 3074 armis,
559 3007 598 3058 ita
616 3016 644 3058 et
662 3006 771 3058 animis.¹
804 3007 930 3073 Namque
943 3022 1090 3058 armorum

56 3072 142 3144 iuopia
166 3068 352 3126 animi'ante-
371 3066 512 3145 ulriusque
536 3068 692 3146 tor'pebaut.
716 3100 752 3112 -
791 3082 852 3133 789-
876 3073 950 3142 [Hic
977 3093 1041 3127 acer
1064 3087 1090 3129 et

55 3145 159 3193 arduus
178 3143 281 3206 hasta,·
307 3151 396 3210 potest
420 3154 449 3197 et
471 3145 518 3196 tic
540 3145 624 3195 haste
643 3144 741 3211 fidens
766 3143 928 3208 subaudiri]
951 3171 986 3182 -
1027 3149 1091 3202 790.

56 3211 213 3263 certamina
232 3211 340 3264 Martis
357 3213 468 3279 anheli;
493 3213 562 3282 [elii]
581 3217 732 3265 certamine
748 3213 874 3282 [legunt:
892 3221 923 3263 ut
938 3214 973 3264 sit
989 3230 1093 3280 sensus,

55 3281 190 3332 Adsistum
206 3290 306 3335 contra
323 3298 353 3333 se
375 3283 405 3333 in
421 3283 521 3335 Martis
546 3283 640 3335 anheli
663 3280 835 3346 certamine]
851 3309 885 3320 —
921 3276 1091 3340 792.'Fuiva
1176 3282 1179 3287 '

54 3351 83 3400 de
106 3352 198 3413 nube3
222 3350 258 3402 de
282 3355 363 3416 aere,
387 3352 421 3403 de
445 3353 582 3404 elemento
607 3366 665 3402 suo.
683 3378 715 3388 -
751 3358 813 3409 793·
833 3350 914 3422 Quae
939 3355 997 3403 iam
1014 3351 1093 3419 finis
1135 3353 1138 3369 '

21 3458 25 3463 .
55 3421 104 3470 erit
121 3418 255 3470 coniux?
274 3421 344 3484 iarn,
359 3420 485 3489 denique.
519 3421 611 3472 Verba
628 3420 680 3471 ista
698 3421 775 3488 quasi
792 3421 850 3474 iam
867 3421 1012 3472 taediantis
1030 3427 1093 3471 sunt

50 3488 87 3540 ad
101 3489 218 3556 longam
232 3488 345 3539 Iunonis
362 3489 543 3541 iracundiam.
577 3488 656 3543 Unde
673 3497 703 3541 et
719 3491 802 3557 paulo
819 3498 894 3560 post:
912 3489 1019 3543 Desine
1034 3491 1094 3540 iam

55 3559 172 3625 tandem,
189 3559 376 3626 precibusque
395 3559 537 3627 inflectere
556 3559 671 3613 nostris.
684 3586 719 3595 -
742 3562 815 3616 ³794.
833 3559 988 3630 Indigetem
1006 3560 1095 3609 Aene-

56 3644 100 3676 am
117 3629 177 3679 scis
194 3630 275 3695 ipsa,
299 3638 324 3678 et
341 3629 413 3693 scire
425 3627 548 3697 fateris,·
573 3627 701 3682 subaudis
720 3626 796 3694 fore.
830 3629 867 3679 Et
893 3629 1032 3695 indigetes
1051 3628 1095 3678 dii
1167 3642 1170 3657 ¹

36 3716 40 3721 ·
57 3694 155 3765 duplici
172 3697 285 3748 ratione
301 3695 445 3762 dicuntur,
468 3697 512 3748 vel
527 3695 678 3749 secundum
695 3695 873 3758 Lucretium,
897 3699 972 3763 quod
995 3697 1096 3753 nullius

59 3768 96 3817 rei
113 3773 216 3835 egeant
234 3764 284 3833 qui
300 3765 341 3815 ait
357 3770 408 3831 (2,
424 3764 509 3827 etei:
529 3764 602 3833 [lpse
617 3767 679 3816 suis
697 3767 806 3832 pollens
825 3764 938 3831 opibus]
956 3765 1031 3821 nihii
1049 3768 1097 3831 ine
1132 3825 1136 3833 ⁵

61 3834 123 3902 diga
149 3853 220 3887 eure
247 3834 416 3907 (curae35al
441 3835 561 3898 nostri).
596 3833 657 3902 [Vel
673 3835 747 3900 quod
763 3851 813 3884 nos
832 3837 946 3888 deorum
965 3837 1069 3927 indige,

62 3919 135 3970 inus,
158 3902 233 3955 unde
250 3903 365 3970 qudam
383 3918 478 3955 omnes
496 3904 561 3955 deos
585 3903 726 3972 indigetes
750 3903 884 3974 appellari
910 3904 1043 3958 rolunt.
1102 3908 1159 3975 gili

62 3976 157 4039 patrios
174 3973 244 4027 deos
269 3970 406 4039 indigetes
431 3973 486 4024 dici
504 3972 606 4027 debere
631 3972 752 4023 tradunt
787 3972 840 4023 Alii
865 3972 900 4023 ab
924 3972 1076 4035 invocatio,
1106 3953 1199 4056 ζῇᾖξη

62 4040 191 4112 indigetes
225 4040 315 4109 dictos
347 4040 455 4108 solunt,
483 4041 559 4113 quod
583 4041 709 4114 indigere
737 4048 779 4094 est
803 4055 904 4112 precor
931 4050 960 4093 et
982 4043 1088 4095 invoco
1126 4036 1199 4201 45⁵⁸pr

1142 4104 1154 4128 1ι

1108 4132 1133 4165 ιἰἶ
1140 4136 1155 4159 μ
1187 4130 1199 4159 ¹*

1107 4172 1118 4189 ι·
1145 4176 1149 4192 ·,
1157 4176 1165 4197 '.¹
1188 4178 1199 4190 *ι
