2288 4514
62 246 89 257 ”
126 232 350 367 ausen.
371 240 536 347 eneae.
556 289 599 361 2,
622 287 800 355 sr-rns.
916 291 981 356 soa

10 471 115 541 teorg.
132 479 169 537 2,
184 478 230 529 37.
253 469 337 523 luvet
354 458 466 523 Ismara
484 477 552 529 ete.;
575 468 699 523 Thracia
720 467 787 521 uino
807 466 910 522 fertilis
925 478 985 538 est,

27 543 192 593 nationem
213 541 354 609 quandam
378 539 500 609 appellat
520 542 669 593 Homerus.
714 538 818 604 Aliter,
846 538 983 609 oppidum

10 628 140 676 marus,
163 610 238 679 quod
262 610 432 679 expugnavit
446 607 550 673 Ulires,
574 625 640 659 curn
665 626 681 658 a
706 607 792 659 Troia
813 606 985 675 decateron

10 688 68 733 sor
89 680 190 731 vinum
208 680 316 747 recepit
330 697 347 729 a
363 679 491 744 Marone,
508 677 586 731 cuius
603 685 682 747 pater
701 677 838 746 Cupithus
853 677 983 747 traditur,

20 746 153 828 Cyclopi
169 746 264 802 dedit·
294 746 362 800 Eius
385 756 479 799 etnam
502 754 580 799 tanta
601 747 639 797 vls
664 745 850 813 existimatur,
870 755 901 797 ut
924 764 983 799 rne-

23 818 97 873 eius
112 816 172 871 uui
188 814 290 887 viginti
312 816 397 869 etiam
420 824 513 870 metra
533 815 666 869 sustineat
692 833 788 883 aquae.
821 816 897 883 Ergo
915 816 984 887 quia

10 888 119 941 efficax
133 895 178 941 est
190 894 295 941 uatum
309 884 342 939 iu
358 884 421 936 vino
440 885 587 951 Thraciae,
603 884 741 959 praecipit
757 901 820 937 eam
837 902 985 939 conseren-

10 944 121 1011 ’νίκη
154 954 306 1011 Taburnus
328 971 409 1007 mons
427 963 467 1007 est
483 954 602 1024 Apuliae
621 954 760 1023 regionis,
787 970 858 1025 quie
881 954 983 1009 fertilis

10 1022 69 1083 tea.
86 1056 126 1071 -
153 1028 212 1083 «89.
227 1024 295 1077 Non
319 1026 414 1077 eadem
439 1031 509 1087 ete,
532 1024 636 1075 Lesbos
660 1033 700 1076 est
722 1023 816 1078 insula
834 1023 931 1089 Asiae,
951 1018 989 1075 ln·

11 1098 148 1167 Aegaeo,
171 1093 322 1165 conspicua
340 1092 443 1147 Troadi
462 1101 490 1144 et
506 1093 659 1158 Thraciae,
683 1112 700 1146 a
716 1094 820 1157 Leshe,
845 1092 905 1144 filio
922 1094 985 1149 Ma·

10 1180 58 1233 ss
72 1161 232 1236 appellata,
252 1163 287 1221 ,in
306 1170 419 1231 quaest
436 1161 586 1231 oppidum,
609 1164 684 1231 quod
703 1162 859 1235 appellatur
875 1162 985 1232 Methy-

10 1268 18 1299 ,
42 1248 81 1289 ex
99 1248 158 1303 quo
177 1232 236 1287 fort
250 1231 336 1305 Arion
354 1231 537 1284 citharoedus.
570 1232 719 1286 Palmitem
735 1231 873 1300 significat
890 1231 983 1284 vitam.

10 1304 69 1357 'ias
86 1306 177 1368 vitesf.
202 1303 330 1357 sThaso
345 1301 448 1355 dieitur
472 1301 578 1362 insula;
602 1303 677 1353 undo
694 1301 816 1357 Thasios.
849 1298 984 1353 hiareoti-

21 1370 209 1443 Aegyptiacus
232 1370 431 1440 intelligimus,
455 1388 472 1421 a
494 1370 596 1438 palude
614 1371 784 1439 Mareotide,
807 1385 879 1439 quae
897 1376 938 1419 est
952 1367 986 1421 in

10 1448 79 1509 pto.
110 1439 233 1495 Psithiac
257 1457 344 1509 genus
368 1439 445 1505 vius,
467 1447 496 1491 et
518 1441 641 1509 Lageos,
665 1448 692 1491 et
715 1439 840 1509 precise,
866 1446 894 1488 et
918 1454 986 1508 pur·

10 1526 56 1563 ae.
88 1509 198 1580 Argites
215 1519 310 1561 autem
328 1509 403 1562 dieta
421 1517 460 1559 est
478 1527 494 1559 a
512 1514 641 1561 corruere.
677 1508 812 1559 'l'molurn
828 1506 888 1560 vult
902 1505 986 1560 intel-

10 1576 117 1649 Lydiae
140 1586 280 1644 montem,
303 1578 420 1630 nurnine
442 1577 573 1631 fertilem.
606 1578 769 1631 Phanaeum
790 1585 908 1647 portum
928 1575 987 1627 vult

10 1644 128 1701 iusuloe
145 1646 247 1713 Chiae,
270 1652 299 1698 et
315 1646 468 1715 significari
484 1645 549 1701 iude
566 1645 678 1700 Chium.
711 1646 894 1711 Aminaeum,
909 1646 987 1697 Rho-

10 1724 41 1768 et
63 1716 231 1771 Bumasthos
256 1733 359 1785 genera
381 1724 447 1769 sunt
473 1731 606 1777 uvarum3
636 1714 747 1767 Rhodia
771 1734 787 1767 a
810 1715 873 1767 loco
898 1715 987 1777 dicta;

12 1786 125 1852 orthos,
142 1786 219 1855 quod
234 1784 361 1839 imitetur
379 1784 496 1864 prpillas
512 1800 621 1837 vaccae.
652 1783 746 1837 Ionius
763 1786 865 1837 fluctus
882 1782 988 1837 dieitur

10 1854 122 1913 aticum
144 1870 240 1921 mare,
261 1856 338 1925 quod
361 1856 474 1908 Ionium
498 1862 542 1905 est
562 1855 597 1906 ab
621 1854 689 1906 Ione
715 1852 834 1907 dictum.
848 1887 882 1896 —
904 1856 987 1911 -115,

13 1940 89 1990 nos,-
114 1924 329 1993 suntScythae,
355 1923 423 1975 dicti
447 1926 484 1979 ab
500 1922 628 1974 Herculis
652 1922 710 1975 filio
729 1922 839 1975 Gelono
858 1930 887 1973 et
903 1920 988 1975 Echi·

10 2032 14 2046 .
35 2002 74 2047 ut
86 1992 123 2047 iu
135 1992 180 2047 IV.
196 1995 353 2047 Herodotus
377 1995 472 2045 refert
506 1994 656 2045 Hebenum
672 1991 783 2059 lignum
805 2002 847 2043 est
863 1991 988 2058 nigrum,

10 2058 121 2117 losum..
159 2060 322 2116 Balsamum
345 2072 386 2114 est
408 2061 549 2131 liquidum
572 2060 828 2126 medicamentum,
859 2060 991 2113 colerunt

10 2130 87 2185 lieni
110 2126 314 2197 necessarium,
344 2132 418 2199 quod
446 2148 478 2182 ex
503 2130 650 2185 arboribus
675 2130 796 2183 destillat
818 2128 850 2180 in
871 2131 990 2185 modum

10 2217 22 2257 t
38 2200 200 2257 'Acanthus
214 2209 254 2252 est
267 2201 357 2257 herba
369 2200 488 2271 spinosa,
504 2199 573 2252 solia
589 2199 647 2251 lata
662 2200 768 2253 habens
786 2208 814 2250 et
829 2194 941 2267 rugosa.
953 2224 990 2237 -

14 2270 110 2341 Quid
126 2277 192 2333 etc.;
216 2269 409 2322 existimantur
426 2268 558 2324 bestiolae
576 2269 728 2337 quaedam,
753 2285 820 2336 quos
838 2269 989 2335 bombyces

10 2350 57 2395 nt.
89 2338 212 2409 Quidam
234 2338 362 2391 indicant
402 2355 433 2389 ex
458 2339 628 2393 arundinum
652 2337 727 2394 foliis
744 2338 823 2393 Seras
841 2336 927 2389 veluti
949 2334 990 2389 la·

24 2412 142 2477 frene,
163 2407 272 2467 atinde
289 2407 351 2459 lieri
367 2378 472 2460 derlee.
507 2408 586 2459 Seres
604 2413 697 2457 autem
716 2407 794 2459 natio
812 2413 852 2457 est
875 2406 906 2459 in
923 2404 991 2457 ulti·

12 2476 108 2532 haia
139 2476 215 2535 Pars,
229 2478 398 2529 Parthorum
421 2476 516 2531 Media
542 2485 582 2529 cst
606 2475 744 2545 appellata
769 2494 785 2527 a
807 2476 908 2543 Medo,
930 2474 989 2526 filio

10 2564 64 2601 eae
79 2554 110 2597 et
124 2545 248 2617 Aegaei,¹
265 2555 298 2599 ut
322 2546 459 2598 existimat
475 2548 580 2610 Varro,
604 2545 655 2614 qui
671 2546 715 2598 IV.
740 2544 828 2596 libros
852 2544 885 2595 de
903 2548 990 2614 Argo-

10 2616 35 2671 is
54 2614 160 2667 edidit:
185 2617 277 2667 Arbor
294 2624 390 2667 autem
406 2632 479 2684 quae
496 2614 663 2665 describitur
682 2632 698 2664 a
714 2613 848 2683 Virgilio,
865 2614 989 2665 nascitur

10 2702 62 2741 em
81 2683 157 2737 etin
173 2683 268 2749 Italia,
291 2685 414 2737 sednon
431 2693 473 2736 est
490 2684 615 2735 eiusdem
633 2685 761 2747 effeettu,
787 2681 865 2735 cuius
882 2683 913 2733 in
929 2684 992 2735 Me-

27 2750 235 2833 et⁸sppellatur
250 2753 455 2821 uodooaphne.
486 2754 597 2821 Ganges
614 2751 714 2803 fluvius
732 2760 773 2801 est
789 2751 900 2819 Indiae,
921 2754 992 2803 Her-

28 2822 157 2893 Lydrae,
177 2822 229 2890 qui
250 2824 307 2874 lert
330 2839 439 2875 aurum.
473 2822 573 2873 Bactra
590 2821 727 2890 oppidum
743 2821 885 2874 ludorum.
921 2821 991 2872 Pan-

10 2912 24 2947 a
46 2891 131 2962 regio
156 2908 173 2943 a
195 2900 265 2960 rege
286 2892 432 2943 Panchaeo
456 2890 568 2943 dicitur.
613 2890 771 2943 Clitumnus
795 2896 835 2941 est
858 2888 991 2941 Etruriae

10 2978 75 3029 .en,
97 2978 116 3012 a
137 2962 217 3022 sonte
239 2959 412 3028 navigabilis.
453 2959 570 3012 Aconita
592 2968 658 3011 sunt
680 2974 852 3012 venenorum
878 2974 992 3027 genero,

10 3054 18 3081 s
41 3032 108 3085 fere
130 3028 169 3105 5¹3
184 3030 274 3100 petris
295 3040 449 3081 nuscuntur
465 3028 608 3098 Scythiae,
631 3029 707 3081 iuxta
723 3027 896 3080 Maeotidern
912 3027 992 3098 palu-

10 3140 16 3154 ,
53 3098 237 3152 Existimetur
254 3107 349 3153 autern
366 3116 423 3150 esse
441 3116 474 3151 eu
490 3116 591 3166 spuma
606 3096 738 3162 Cerberi,
754 3112 840 3167 quam
856 3095 880 3147 is
917 3100 993 3151 erfu-

10 3188 15 3221 :
42 3176 203 3239 pertractus
227 3168 263 3219 ab
287 3168 408 3221 Hercule
432 3168 464 3219 in
487 3167 590 3221 lucem.
622 3166 741 3219 Aconita
764 3173 859 3217 autem
881 3116 992 3237 (fraces

10 3238 34 3291 is
61 3236 180 3289 nomine
203 3236 349 3299 dicuntum
372 3238 453 3292 illam
477 3238 554 3287 enim
576 3232 657 3303 κόνην
681 3234 835 3306 appellant.
852 3260 889 3275 ·-
929 3240 990 3296 157.
1055 3252 1058 3257 ·

10 3324 94 3359 mare
111 3313 177 3368 etc.;
202 3305 292 3375 cingit
307 3306 418 3360 Italiam
436 3308 470 3359 ab
488 3306 677 3379 septentrione
693 3304 849 3357 Adriaticus
865 3304 957 3371 sinus,
975 3324 993 3359 a

10 3376 70 3429 ldie
89 3374 214 3427 nuscum
227 3391 324 3437 =mare3
347 3375 520 3428 Adriaticum
538 3392 671 3446 superum
689 3373 841 3444 appellant3
868 3376 993 3426 Toscum

10 3462 88 3501 rum.
120 3444 247 3513 Uterque
260 3443 337 3495 lacus
356 3454 398 3496 est
413 3444 444 3496 in
461 3444 556 3506 Italia3
579 3443 680 3496 Larius
698 3443 826 3494 Umbros*
839 3443 944 3510 tangit,
965 3450 995 3494 et

10 3514 77 3567 enit
100 3527 188 3581 usque
213 3514 344 3565 Comum.
383 3514 509 3565 Benacus
532 3521 590 3580 est,
610 3530 642 3564 ex
665 3529 725 3581 quo
738 3510 862 3565 Mincius
885 3514 994 3565 flumen

10 3602 58 3651 tt,
89 3582 166 3651 quod
194 3582 372 3653 praeterfluit
392 3584 548 3636 Mantuam.
599 3581 701 3638 Sabelli
723 3598 792 3651 gens
817 3589 863 3635 est.
879 3580 994 3645 Italian

10 3654 33 3709 li
56 3650 147 3705 iidem
171 3652 344 3721 appellantur
368 3661 395 3703 et
411 3652 514 3705 Dauni.
547 3651 643 3704 Vulsci
663 3651 752 3703 veruti
776 3650 843 3702 ideo·
861 3650 994 3701 dicuntur

10 3726 24 3777 l
58 3720 206 3775 dolonibus
235 3720 267 3772 in
289 3721 396 3789 praelio
420 3722 476 3773 sint
506 3720 558 3773 usi.
582 3748 620 3761 -
660 3728 725 3780 176ι
743 3722 829 3771 Ascra
851 3718 927 3770 vicus
952 3726 994 3771 est

10 3790 101 3857 stiae,
122 3789 154 3843 in
178 3806 237 3860 quo
259 3790 430 3842 existimatur
454 3799 534 3843 natus
551 3791 701 3857 Hesiodus,
728 3789 776 3858 qui
800 3787 914 3858 scripsit.
927 3786 995 3860 ἔργα

10 3852 135 3931 bipatens,
161 3876 217 3929 quo
234 3858 308 3913 libro
327 3860 389 3928 egri
407 3877 520 3929 quoque
543 3863 632 3913 cultus
648 3860 788 3913 rationem
804 3857 923 3926 stringit.
957 3858 995 3909 Et

10 3958 13 3977 ι
39 3928 112 3983 dicit
132 3931 284 3983 Ascraeum
313 3938 428 3983 carmen
452 3930 583 3995 Virgilius
612 3947 666 4001 per
687 3929 815 3979 Romana
841 3925 942 3997 oppida
965 3942 994 3977 se

10 4016 66 4053 ere.
100 3997 223 4067 Pinguis
237 3998 419 4066 Tyrrhum,-
433 4001 540 4051 Tuscus
551 3999 658 4051 tibicen
670 3996 852 4066 significatur,
864 3995 906 4046 vel
919 3996 994 4063 quod

27 4068 67 4123 sit
82 4068 191 4123 subtilis
205 4066 314 4123 musica
330 4068 460 4136 barbaro,
476 4070 518 4125 uel
534 4070 610 4141 quod
625 4074 754 4121 tumeant
769 4066 876 4117 bucone
892 4063 995 4127 inflen·
1062 4111 1068 4124 ,
