2424 4506
7 224 9 234 ’
36 301 39 309 ·
100 246 175 334 eo
342 215 496 353 ¹'sarim
520 206 872 327 continuissemus

107 450 193 506 armis
211 450 284 503 inter
298 465 328 501 se
345 448 529 515 decertarunt,¹
542 442 635 518 ibique
653 450 687 503 ad
704 452 869 503 memoriam
885 447 1004 520 invicem
1017 464 1047 501 se
1065 447 1139 511 occi,-

27 526 33 537 ‘
109 524 204 575 dentes
226 518 337 589 sepulti3
361 533 431 586 quse
454 534 498 571 res
522 519 733 572 admirationem
755 520 838 572 habet
859 519 951 583 illam,
976 537 1030 586 qua
1047 519 1070 568 si
1090 515 1139 586 qni

109 593 164 644 duo
181 589 254 640 inter
270 588 364 655 ipsum
374 587 470 639 silvam
486 595 599 655 agentes
615 588 683 653 iter,
708 605 763 639 uno
780 588 885 658 impetu
903 589 943 640 vel
961 586 1059 639 eodem
1078 601 1139 636 mo·

108 666 204 713 mento
219 672 281 709 sexa
299 656 442 722 adversum
453 656 589 723 'sepulcra
603 656 741 720 iecerint,
764 656 903 713 vinonio
946 673 981 706 ua
998 673 1061 706 saxa
1078 655 1138 724 ipsa

108 734 238 798 separata
260 725 296 778 ad
320 723 443 790 sepulcra
468 726 574 792 singula
599 724 734 776 decidunt.
754 751 787 761 ·-
827 729 888 783 249.
943 742 1030 774 uetera
1055 739 1137 789 prae·

104 799 247 869 serimus,
272 801 302 844 ut
322 794 374 845 illa
393 800 456 844 ante
480 794 634 844 orationem
657 794 786 844 auxilium
808 794 966 863 impetrent.
991 820 1023 828 -
1075 797 1137 849 250·

47 868 49 873 ⁴
113 866 174 936 Qui
199 865 300 915 bellum
326 862 487 922 intulerint;
517 863 593 929 quasi
623 863 769 913 nominatis
793 863 920 914 Troianis
943 877 1011 929 quos
1036 860 1138 911 vicerat

42 966 49 983 s
109 934 223 1007 pronior
240 934 347 983 iuturus
365 937 434 981 esset
450 931 485 995 ad
501 931 647 981 ferendum
666 930 804 982 auxilium.
818 957 852 968 -·
886 937 947 988 251.
965 929 1080 979 Placido
1095 928 1137 979 sie

112 1003 234 1057 reddidit
259 1017 320 1061 ore,-
352 1005 383 1048 nt
405 997 473 1048 solet
502 997 629 1049 habitum
654 1000 916 1057 futurae,orationis
941 995 1079 1061 ostendis]
1103 1021 1137 1034 -

109 1081 171 1137 ⁴252·
191 1070 217 1121 O
229 1068 396 1137 fortunatae
414 1079 523 1133 gentes,
546 1067 592 1135 qui
609 1067 739 1117 habitatis
756 1083 843 1135 regna
860 1067 997 1129 Saturnia,
1019 1066 1037 1116 i.
1057 1084 1096 1129 e.,
1119 1076 1137 1115 o

110 1141 167 1192 viri
179 1143 288 1204 semper
305 1153 373 1204 pace
393 1136 548 1202 gaudentes.
582 1135 654 1186 Natu
678 1136 795 1203 legimus
812 1142 853 1202 (6,
871 1135 955 1196 324.):
982 1137 1138 1202 Aureaque,

112 1222 143 1260 ut
159 1207 202 1275 (al.
220 1222 307 1256 auree
326 1205 405 1271 qnae)
422 1203 579 1270 perhibent,
597 1205 647 1256 tlte
667 1207 718 1255 sub
738 1223 798 1272 rege
810 1205 933 1272 fuerunt
945 1202 1078 1267 Saecula,
1095 1204 1137 1255 sit

109 1276 223 1345 placida
241 1273 359 1341 populos
378 1276 408 1322 in
426 1289 492 1337 pace
510 1273 626 1339 regebat.
660 1272 696 1323 Et
712 1273 783 1325 bene
800 1274 854 1325 hoc
877 1274 984 1335 laudat,
1007 1272 1082 1340 quod
1100 1270 1138 1324 eit

38 1390 40 1405 ,,
129 1345 275 1398 ersuadere
293 1341 436 1394 desiderat.
452 1366 488 1378 -··
521 1348 582 1398 253.
600 1342 718 1408 Antiqui
735 1344 875 1406 Ausonii,-
892 1341 963 1413 ,quia
980 1343 1028 1408 qui
1052 1339 1157 1408 primi.

39 1408 41 1450 3
109 1365 217 1479 italiam
234 1417 390 1474 tenuerunt,
407 1410 533 1459 Auiones
547 1409 612 1460 dicti
629 1416 699 1460 sunt.
733 1409 850 1476 Quietus
857 1411 1042 1478 equibusest
1058 1423 1138 1467 emor

57 1482 58 1487 ’
131 1485 185 1536 acis
209 1500 226 1534 a
249 1477 402 1533 maioribus
424 1479 539 1529 traditus
566 1486 680 1547 propter
709 1495 827 1548 regnum
850 1474 967 1531 Saturni.
990 1503 1024 1514 —-
1050 1483 1140 1536 ,2542

1 1552 3 1561 ’
111 1505 212 1620 ignote
231 1547 470 1612 lacessendam,
495 1546 598 1597 scilicet
615 1547 814 1599 Troianorum:
838 1565 893 1600 non
913 1546 1005 1597 omnia
1024 1561 1140 1612 genera·

109 1620 173 1676 liter
197 1618 276 1672 bella.
317 1616 388 1666 Nam
412 1615 527 1682 legimus
551 1620 596 1680 (7,
621 1619 713 1679 184.):
743 1616 854 1683 Captivi
883 1617 1002 1683 pendent
1028 1632 1140 1679 currus,

37 1747 39 1753 .
111 1704 266 1752 curvaeque
291 1701 416 1735 secures.-
440 1685 505 1753 [sut
529 1686 640 1750 ignota,
665 1703 734 1752 quae
757 1687 957 1752 ignoraverint,
981 1684 1058 1752 quasi
1083 1698 1139 1734 nou

109 1755 276 1824 suscepturi,
299 1753 321 1804 si
343 1750 480 1816 scissent]
523 1753 627 1802 Suadet
650 1763 758 1816 autem,
786 1757 865 1805 coiis
889 1753 1025 1804 subaudis.
1066 1751 1140 1802 Nam

111 1829 173 1896 [uos
191 1844 206 1877 a
223 1821 410 1892 superioribus
433 1819 571 1872 subaudiri
597 1837 651 1871 non
671 1830 773 1888 potest,
795 1823 870 1890 quia]
895 1837 949 1872 non
973 1827 1064 1890 potest
1086 1819 1139 1871 dici

63 1921 66 1933 ·
109 1895 216 1949 suadeo
242 1906 282 1956 te,
305 1891 352 1942 sed
376 1891 436 1939 tibi.
453 1916 488 1926 -
528 1896 588 1946 255·
611 1889 804 1955 Vz'otaotmus,
827 1891 904 1959 quasi
926 1906 1023 1940 sacros.
1066 1888 1140 1938 Nam

106 1965 221 2016 >violare
239 1962 273 2012 de
290 1958 422 2025 religiosis
440 1957 522 2007 rebus
539 1958 661 2008 dicimus.
696 1961 731 2009 Et
747 1961 853 2027 ingenti
870 1966 928 2010 arte
945 1958 1016 2026 egit,
1039 1975 1075 2008 ne
1092 1959 1140 2008 aut

112 2033 255 2084 victoriam
273 2044 350 2079 sitam
369 2025 459 2090 sileat,
485 2034 603 2077 autnon
622 2027 795 2095 procedendo
813 2036 909 2079 eontra
927 2043 989 2091 eos,
1013 2042 1080 2092 qtios
1104 2025 1140 2076 vi·

110 2100 165 2164 cit,
188 2096 351 2166 confiteatur
374 2092 526 2162 ignaviam,
550 2093 657 2159 dicens,
682 2113 738 2148 non
763 2114 820 2149 esse
838 2104 934 2148 contra
952 2112 997 2146 eos
1015 2111 1141 2162 pugnan-

110 2169 195 2231 dum,
219 2180 286 2235 quos
309 2163 419 2213 vincere
432 2162 703 2230 'perniciosissimum
728 2173 776 2217 est.
798 2174 831 2203 -ἑ-
879 2171 938 2222 255.
962 2165 1063 2239 [pitisso
1089 2182 1139 2227 τας

29 2300 31 2305 ,
114 2236 250 2297 oratorie;
273 2241 304 2283 ut
319 2232 404 2283 etiam
422 2232 481 2282 sine
498 2230 549 2281 illis
567 2248 636 2298 quae
654 2241 857 2285 memoraturus
875 2243 929 2295 est,
952 2249 1021 2301 quae
1039 2233 1144 2284 omittit

111 2304 238 2387 pravium
262 2297 423 2363 videanturl,
445 2325 480 2336 -
527 2307 588 2356 257.
620 2300 698 2364 Quos
720 2303 824 2354 Simois
847 2305 947 2369 premit
971 2304 1026 2352 itte
1045 2305 1140 2365 virosr

111 2389 130 2429 ι.
154 2392 193 2436 e.,
215 2381 272 2422 toto
297 2369 365 2420 orbe
388 2366 507 2418 celebris
542 2371 586 2435 [et
608 2375 721 2436 premit,
745 2372 822 2439 quasi
845 2369 956 2435 hostes]
997 2370 1069 2429 Alibi
1095 2370 1142 2437 [in

110 2439 215 2514 ptimo]
232 2440 330 2508 (100.):
357 2434 412 2486 Ubi
429 2448 468 2486 tot
485 2435 588 2487 Simois
608 2453 732 2508 correpta
753 2442 804 2490 sub
832 2442 917 2490 undis
935 2439 1017 2488 Scuto
1037 2442 1142 2503 virum,

112 2513 280 2580 galeasque,
301 2519 327 2557 et
345 2505 438 2574 fortia
458 2521 574 2571 corporo
593 2509 687 2559 voluit.
704 2509 783 2577 „pilii
801 2526 871 2575 quos
889 2525 939 2579 pro
958 2519 1078 2575 quantos
1097 2525 1143 2559 au-

112 2579 230 2650 cipiunt,
254 2575 335 2627 utsit
352 2588 504 2640 pronomen
523 2578 711 2640 pronomine.
747 2577 796 2628 Ille
815 2590 908 2629 autem
931 2579 1002 2628 mire
1019 2593 1143 2628 exsecra·

102 2644 176 2712 tim]
193 2659 227 2684 ι-
261 2649 322 2703 258⁴.
341 2643 477 2693 Scelerum
495 2660 600 2710 poenos
618 2646 800 2711 expendimus
817 2665 928 2708 omnes,·
953 2646 971 2696 i.
989 2663 1024 2709 e.,
1040 2645 1142 2696 luimus

90 2722 92 2726 “
111 2731 208 2767 omnes
226 2728 326 2784 poenas
333 2749 341 2776 ,
358 2726 429 2779 qnae
446 2718 509 2760 sunt
525 2719 641 2766 statutae
658 2715 813 2766 sceleribus.
846 2716 896 2768 Alii
911 2715 1027 2765 Sceleris
1047 2717 1142 2764 oannis

111 2783 222 2853 legunt3
244 2797 309 2833 nani
339 2795 435 2832 ornnes
458 2793 513 2829 non
543 2789 631 2848 potest
654 2781 689 2833 ad
713 2782 834 2834 Graecos
858 2783 971 2849 referri,
995 2783 1058 2850 quia
1084 2799 1142 2834 non

19 2848 47 2880 ·'
110 2867 207 2904 amnes
225 2848 362 2921 pertulere
379 2846 517 2917 supplicia.
552 2851 614 2916 [Sed
632 2852 653 2901 si
673 2869 782 2916 omnes,
808 2852 892 2918 mire,
915 2870 950 2903 ne
973 2858 1051 2918 putes
1069 2859 1143 2904 torte

61 2932 70 2945 ⁸
112 2922 230 2984 iactum,
253 2927 282 2971 et
304 2918 487 2970 adiuvandum
510 2920 762 2985 prontmciatione.]
783 2947 816 2959 -·
864 2926 925 2979 259.
953 2919 1000 2977 Vei
1026 2918 1140 2988 Priamo

87 2983 654 3049 1miserandarrinnus;etiamPre'amo.
691 2988 725 3039 Ut
742 2991 782 3056 (E.
799 2991 915 3052 8,89.):
943 2978 1077 3041 cuimine
1098 2990 1142 3040 vel

75 3084 92 3109 ι.
113 3058 188 3110 eaelo
207 3067 325 3123 possunt
343 3057 474 3105 deducere
499 3054 606 3105 lunam.
642 3058 690 3107 Est
712 3066 805 3109 autem
828 3057 937 3110 Pacuvii
961 3059 1008 3127 qni
1031 3059 1084 3110 ait:
1107 3059 1143 3109 ¹St'

113 3123 246 3180 Priamus
265 3125 387 3188 adesset,
412 3136 436 3173 et
455 3128 512 3187 ipse
531 3125 593 3173 eius
612 3120 865 3179 commiserescens.
902 3129 938 3196 [I.
956 3145 996 3192 e.,
1016 3135 1046 3177 ut
1069 3128 1142 3180 calst-

90 3230 99 3239 Ἰ-
112 3194 195 3248 mites
212 3192 309 3245 eorum
329 3192 375 3260 qui
391 3191 514 3243 vicerunt
529 3192 638 3267 patior
660 3196 821 3248 crederetur
838 3196 1029 3255 miserantibus
1046 3195 1144 3264 victis]

114 3261 172 3316 Scit
189 3264 267 3312 triste
284 3259 430 3312 ‘Mineruae
448 3259 549 3322 Sidus,-
573 3261 666 3315 fabula
690 3263 744 3314 hoc
767 3265 866 3331 habet,
888 3283 938 3336 pro
959 3272 1001 3316 ter
1025 3265 1141 3317 Cassan·

112 3332 181 3384 deae
203 3339 344 3398 stuprum,
367 3328 481 3380 Graecis
503 3328 604 3380 iratam
621 3333 791 3384 Minervam:
815 3335 856 3386 vel
880 3285 957 3402 quoti
975 3334 1000 3385 ei
1025 3335 1141 3387 victores

114 3413 164 3475 per
181 3397 337 3466 snperbiam
354 3399 509 3447 saorit'icare
527 3399 680 3451 noluerunt.
716 3402 792 3454 Unde
810 3419 855 3455 eos
878 3404 1023 3454 redeuntes
1040 3405 1142 3470 gravis·

113 3469 184 3520 sima
206 3475 369 3534 tempestate
392 3462 519 3533 fatigatos
541 3484 592 3534 per
615 3469 718 3520 diversa
737 3470 870 3537 dispersit.
902 3471 1043 3522 Horatius:
1069 3473 1140 3523 Cum

114 3535 210 3589 Pallas
229 3547 288 3586 usto
307 3539 389 3586 vertit
407 3538 478 3586 irum
498 3536 532 3584 ab
552 3538 614 3587 llio.
648 3538 689 3588 Re
715 3544 778 3590 vera
796 3548 887 3592 autem
906 3547 1027 3604 constat,
1052 3540 1141 3596 Grae·

82 3662 92 3678 N
115 3619 162 3657 eos
182 3613 344 3672 tempestate
368 3604 503 3656 laborasse
528 3607 701 3673 aequinoctio
723 3610 840 3672 vernali,
864 3610 972 3675 quando
991 3609 1141 3663 manubiae

114 3672 292 3738 Minervales‚
322 3673 339 3723 i.
370 3693 393 3725 e.
423 3671 559 3737 fulinias,
583 3672 756 3744 tempestates
786 3677 956 3744 gravissimas
986 3690 1141 3734 comment.

115 3741 192 3810 Caele
229 3742 296 3795 erite
313 3742 429 3793 dicendo
446 3743 535 3806 sidus,
554 3749 700 3812 utrumque
717 3746 871 3815 complexus
888 3753 935 3798 est.
969 3748 1041 3798 Nom
1057 3752 1139 3800 sidus

67 3838 71 3849 .
113 3818 143 3864 et
158 3761 351 3880 umlsesteteni
369 3811 519 3878 significat:
537 3817 691 3866 stravere
709 3814 791 3866 siclus.
823 3817 897 3867 Haec
912 3824 1004 3868 autem
1022 3820 1140 3871 nannius

114 3891 186 3946 qtsae
202 3880 274 3931 inter
289 3879 379 3931 sidera
397 3896 452 3931 noo
470 3878 605 3942 videmus,
628 3881 692 3934 licet
709 3900 757 3934 sua
780 3875 856 3952 signa
880 3886 993 3953 propria
1016 3903 1073 3938 uon
1091 3889 1139 3940 ha·

113 3945 211 4011 beant,
234 3964 298 3999 esim
316 3947 374 3998 aliis
390 3954 524 4016 potestate
547 3958 610 3999 sunt
626 3952 774 4018 permixta:
787 3973 789 3981 ·
800 3962 828 4003 ut
846 3954 1005 4022 Ophiuchus
1022 3956 1081 4023 ipse
1100 3964 1139 4010 „e

89 4068 91 4074 .
110 4016 367 4085 dswulepiilGuelf.
375 4016 395 4069 1.
402 4017 433 4068 11.
441 4018 470 4067 V.
477 4017 676 4083 aesculapius).
710 4020 833 4089 Gemini,
849 4023 978 4090 Apollinis
992 4031 1019 4073 et
1033 4027 1137 4077 Horon·
