2288 4514
407 1495 676 1559 ,sn-¹

59 1636 357 1833 iconum
388 1695 995 1797 commonuimus.
1049 1824 1051 1829 Ι

59 2297 183 2353 licorum
200 2296 291 2349 omnis
308 2297 388 2363 origo
404 2290 504 2366 triplex
516 2309 579 2351 esse
602 2292 701 2348 fertur.
734 2293 862 2358 Primum
879 2315 896 2352 e
912 2298 1001 2371 Leon

59 2369 135 2423 uiis.
152 2366 228 2419 Nem
249 2382 316 2416 cum
338 2366 442 2416 Xerxes
459 2363 611 2429 Graeciam
635 2367 793 2431 affectaret,
816 2375 844 2419 et
867 2370 999 2422 terribilis
1087 2378 1094 2387 '

65 2436 171 2490 relictis
194 2434 365 2499 civitatibus,
389 2433 480 2485 omnis
505 2432 642 2485 Graeciae
665 2448 738 2502 gens
757 2435 787 2486 iu
811 2437 920 2488 deserta
936 2440 1000 2492 loca

59 2512 138 2570 mnu
162 2512 226 2576 post
240 2519 305 2555 curn
322 2504 396 2571 apud
412 2501 610 2554 Marathonem
628 2503 713 2554 victus
728 2505 897 2571 recessisset,
913 2507 1002 2560 Luce·

59 2574 118 2629 'xiiis
133 2571 249 2627 reversis
264 2573 295 2625 in
311 2572 547 2645 Peloponnesum,
563 2571 719 2640 religiosior
735 2573 789 2623 fuit
806 2589 874 2626 cure
890 2575 1000 2630 Dianae

59 2642 116 2697 idis
132 2641 272 2707 colendae.
306 2641 380 2692 Nam
396 2643 469 2694 forte
493 2640 553 2709 ipso
571 2640 616 2691 die
639 2647 814 2692 reverterunt
830 2642 860 2694 in
877 2646 1001 2711 putrium

59 2730 97 2778 ss,
117 2728 172 2780 quo
190 2710 253 2762 fieri
270 2726 349 2762 secra
373 2709 551 2762 eidem-dese
575 2708 760 2777 competebat.
794 2709 849 2762 Sed
866 2715 1002 2780 quoniam

59 2781 120 2835 ntia
139 2779 279 2848 virginum
295 2779 415 2844 deesset,
434 2795 504 2846 quae
523 2796 556 2831 ee
572 2779 716 2830 celebrere
731 2790 947 2847 consueverant,
963 2801 1001 2836 ne

59 2851 129 2903 :ium
144 2847 387 2913 intermitteretur,
404 2855 528 2918 pastores
545 2862 576 2898 ex
593 2846 688 2897 vicinis
705 2848 779 2914 egris
797 2856 1003 2920 contraxerunt,

75 2934 123 2972 eos
139 2934 220 2971 sacre
236 2915 429 2987 expedierunt,
446 2915 575 2967 adhibitis
594 2915 764 2967 carminibus
781 2917 868 2985 etiam
883 2919 1003 2989 misticis,

75 2996 172 3041 notem
187 3001 335 3037 sacrorum
351 2984 500 3036 Bucolicon
523 2984 713 3054 appellarunt;
736 2998 793 3036 non
811 2986 943 3055 quoniam
960 3004 1003 3040 so·

59 3068 126 3109 oum
142 3062 267 3126 pastores
282 3055 335 3126 ipsi
351 3053 468 3117 fuerint,
492 3053 540 3105 sed
557 3055 689 3120 qnoniam
707 3052 788 3117 boves
805 3071 907 3125 pecora
923 3075 1005 3127 prae·

59 3135 70 3179 t
92 3124 293 3194 magnitudine.
325 3124 385 3175 Hoc
409 3122 486 3174 idem
511 3139 626 3179 carmen
641 3122 807 3174 Astrobicon
830 3124 937 3176 dictum
954 3133 1006 3192 est,
1024 3118 1041 3131 ‘

59 3213 100 3248 na
122 3193 231 3258 sedilis,
254 3207 309 3260 quo
334 3191 440 3242 advecti
462 3193 588 3254 fuerent,
611 3191 658 3258 qui
685 3190 731 3243 ille
753 3193 892 3246 cantaturi
915 3202 1005 3247 erent.

59 3272 145 3319 tutem
161 3260 279 3314 Astraba
297 3260 435 3324 vehiculo,
458 3260 529 3312 dicte
547 3258 624 3326 ,παρὰ
641 3255 675 3312 τό
690 3255 729 3328 μή
748 3264 929 3331 στρέφεσθαι,
948 3279 1005 3333 quo

62 3340 93 3387 et
107 3335 219 3385 Plautus
235 3330 361 3381 fabulam
378 3329 531 3399 inscripsit,
554 3331 583 3379 in
603 3347 656 3398 que
673 3331 803 3383 mulieres
820 3334 851 3384 in
869 3333 1006 3385 eiusmodi

59 3402 97 3455 dis
119 3399 258 3454 inductae.
291 3399 384 3451 Altera
407 3396 489 3450 causa
513 3397 548 3448 ed
572 3398 676 3450 Siculos
719 3399 828 3452 ertinet.
863 3404 934 3454 Ante
951 3402 1007 3452 Go-

60 3469 240 3540 tyrannidem
257 3465 394 3536 Syracusis
418 3467 464 3519 iue
488 3482 591 3536 pecora
614 3418 776 3521 interibant.
810 3468 916 3538 Quibus
933 3471 1008 3522 reio·

59 3559 63 3591 t
80 3547 175 3591 votum
191 3538 332 3601 iecerunt,
357 3536 470 3604 eiusque
487 3535 543 3585 voti
566 3544 723 3605 compotes,
746 3540 883 3608 templum
899 3539 1008 3592 Dionae

59 3615 163 3673 ierunt,
193 3622 279 3675 quem
301 3604 425 3674 Lyseem
448 3613 627 3668 vocaverunt,
657 3614 808 3686 propterea
831 3606 905 3676 quod
928 3609 1009 3660 mulis

59 3675 205 3730 :absoluti
238 3674 280 3725 Ad
296 3675 354 3726 eius
372 3673 573 3725 dedicationem
597 3673 710 3741 plurimi
728 3682 852 3743 pastores
870 3676 1009 3730 confluxe-

74 3764 140 3798 cum
165 3743 275 3795 utribus
295 3744 357 3794 vino
382 3742 485 3812 plenis,
511 3751 539 3792 et
563 3743 679 3811 panibus
703 3744 805 3813 figures
822 3744 949 3796 ferorum
966 3747 1010 3800 vel

59 3832 105 3869 um
127 3812 321 3866 referentibus.
361 3813 439 3879 lique
463 3811 655 3876 instituerunt,
685 3820 715 3862 ut
745 3813 792 3881 qui
816 3820 1021 3885 conveneranb'

59 3902 64 3936 ι
79 3887 150 3937 deae
166 3882 356 3946 decantarent,
373 3887 513 3943 coronato,
532 3881 579 3946 qui
598 3897 643 3931 eas
660 3882 762 3932 rectius
780 3893 1011 3949 prosequeretur;

59 3955 172 4020 ederent
188 3958 284 4003 sutem
303 3967 336 4001 eo
358 3951 451 4002 formo
469 3949 572 4012 ornati,
597 3958 628 3999 ut
644 3965 751 4002 cornua
774 3950 862 4001 tronti
878 3951 1008 4008 adiuncta

59 4047 64 4076 ι
86 4022 245 4091 obligarent
268 4035 334 4070 cum
357 4027 420 4071 utre
445 4025 473 4071 et
496 4016 627 4084 reticulo,
650 4032 705 4087 quo
727 4017 858 4089 panificia
873 4020 1037 4081 heberent,
