2288 4514
103 289 170 369 ,180
288 255 293 291 '²
356 280 497 347 suurn
520 264 881 347 couuru'rnurus

224 406 236 431 Ι

109 484 170 537 suas
185 467 257 535 vires
273 476 415 535 extenuet,
437 471 477 538 [et
502 468 694 521 commendat.¹
704 467 795 539 operis
807 465 1016 521 diffiotdtetcm

109 537 291 604 durioribus]
310 566 344 578 -
377 543 421 595 41.
439 539 613 607 ignarosque
630 539 693 605 piac
712 552 818 587 metum
845 540 1000 593 miseratus

110 607 273 676 Ingredere,⁸
300 615 347 659 aut
363 622 475 681 mpoum
492 608 565 669 vine,
581 607 599 657 i.
617 625 642 658 e.
658 605 788 657 rationis.
812 612 863 656 eut
878 607 1022 672 urtis‘igm

109 683 214 728 serulus
231 677 345 727 rusticos
362 675 439 739 iuvu,
463 685 510 726 aut
528 692 633 724 metum
655 674 772 741 ignaros
789 672 946 742 intelligas:
969 678 1022 733 stul¹

60 744 63 749 ’
109 744 211 814 ignaris
227 745 287 796 fave
300 759 423 808 mecum,
439 744 457 795 i.
476 763 499 795 e.
518 743 617 811 quibus
634 744 718 795 etiam
736 758 787 810 ego
804 741 849 794 his
866 743 978 815 scriptis
994 742 1021 810 pl

108 813 214 882 [opem]
233 812 379 865 collaturus
396 828 470 865 sum:
495 821 542 863 eut
566 828 677 863 mecum
699 813 810 879 ignaros
834 811 974 879 agricolas
997 827 1022 860 m

89 890 158 937 ,αυτ
175 885 213 934 eis
225 896 341 940 ¹mecum
359 883 427 932 fave.
461 880 496 930 Et
514 883 587 932 votis
612 883 669 931 iam
695 896 772 931 nuno
790 896 922 939 assuesce
948 882 1022 931 otoni

109 950 199 1003 adhuc
217 950 297 1030 vivusr
331 949 418 1011 Nam,
441 956 473 1003 ut
489 949 618 1010 diximus,
640 950 774 1017 Augustus
798 947 872 998 vivus
897 946 1001 999 divinos

109 1021 287 1075 emeruit-
320 1023 364 1074 43.
387 1016 451 1066 Vere
469 1008 551 1083 douo,
568 1017 679 1084 gelidus
698 1019 862 1067 coriscum
881 1018 1022 1068 montibus

109 1085 260 1155 Lr'quitur3
287 1085 404 1152 [novum
428 1086 514 1137 multa
536 1084 685 1154 siguificat,
705 1086 774 1137 riam
797 1093 824 1135 et
847 1085 1022 1159 reoenseliqr

57 1182 61 1195 ι
112 1173 176 1207 vum
195 1154 304 1219 dicitur,
321 1161 351 1203 ut
367 1155 425 1222 ipse
443 1154 480 1205 ait
497 1155 537 1220 (E.
550 1164 576 1218 2,
589 1152 656 1216 22.):
674 1152 734 1202 Lac
748 1152 821 1203 miti
835 1170 894 1203 non
910 1156 1012 1204 destun

111 1225 129 1276 i.
146 1243 169 1275 e.
187 1238 297 1273 recens:
316 1239 419 1273 novum
437 1222 536 1272 dicitur
554 1230 582 1273 et
598 1237 746 1290 magnum,
765 1229 794 1272 ut
811 1221 852 1286 (E.
871 1229 902 1285 3,
920 1220 1022 1285 86.):l

112 1283 171 1359 ip‘se
188 1291 268 1359 jacit
294 1308 367 1342 nova
393 1292 537 1354 carmina5
561 1291 644 1341 modo
667 1287 771 1354 sutem]
794 1288 909 1342 Novum
938 1290 1022 1341 Veri

111 1362 176 1430 quia
193 1359 258 1411 anui
274 1358 385 1410 initium
403 1361 502 1410 mensis
519 1367 560 1409 est
576 1359 700 1410 Martius.
735 1359 771 1409 Et
787 1359 949 1425 sciendum,
966 1359 1022 1410 dect

110 1438 171 1491 tum
196 1443 302 1480 menses
325 1427 408 1478 fuisse
433 1428 504 1494 apud
523 1429 650 1479 maiores.
684 1426 818 1478 Martium
835 1436 934 1478 eutem
950 1426 1010 1479 unni

112 1497 191 1567 pium
208 1496 313 1547 hebere
330 1495 490 1558 voluerunt,
514 1505 627 1566 propter
644 1494 863 1556 Martem,'suee
880 1497 970 1562 gentis
988 1511 1022 1546 au

112 1565 196 1635 [quod
220 1564 312 1615 multis
336 1564 462 1615 fimrstur
486 1563 664 1621 auctoribus.¹
687 1563 811 1632 Nigidius
829 1563 865 1615 iu
882 1565 1022 1633 Sphaerot

111 1637 182 1699 nico,
198 1649 300 1704 novum
318 1649 423 1683 annum
440 1634 646 1702 aequinoctium
663 1632 779 1684 Vernsle
797 1640 947 1685 memoret.
980 1632 1022 1682 Ver

110 1703 269 1756 stolicerurn
293 1700 502 1768 Quaestionum:
532 1703 607 1752 Inter
639 1719 757 1759 mensem
785 1698 973 1752 Februarium
993 1717 1022 1767 pu

113 1784 182 1824 esset
199 1783 353 1835 extremus,
378 1783 405 1820 et
424 1772 495 1821 inter
520 1772 651 1821 colendas
670 1770 793 1820 Martias
811 1782 967 1837 quae'turrc
984 1785 1022 1820 ero

41 1856 44 1861 '
114 1856 183 1892 mae.
224 1839 298 1890 Atta:
334 1857 441 1888 annum
472 1857 575 1890 novum
607 1839 757 1891 voluerunt
787 1855 845 1888 esse
870 1836 1022 1905 primumn

49 1905 53 1913 ’
113 1908 260 1962 Martium.
306 1908 343 1958 Et
372 1909 452 1958 alibi:
483 1908 609 1960 Maiores
635 1908 774 1958 Martium
801 1909 927 1974 primum
958 1907 1022 1957 habu

112 1975 211 2044 Aprilis
228 1973 315 2041 [vero]
333 1973 419 2027 dictus
437 1984 490 2042 est,
515 1977 591 2045 quasi
616 1984 703 2028 terras
726 1983 823 2043 tepore
842 1978 984 2046 aperiens,
1003 1975 1022 2024 li

112 2045 204 2107 Maia,
227 2043 319 2093 Iunius
343 2046 494 2107 alumne,
520 2062 688 2114 quamquam
711 2045 758 2096 alii
781 2059 798 2093 u
815 2045 968 2097 maioribus
984 2052 1022 2096 et:

112 2115 164 2166 bus
180 2112 231 2162 hos
249 2112 315 2161 duos
332 2128 439 2164 menses
457 2114 541 2164 velint
564 2131 620 2166 esse
643 2114 806 2164 nominatos.
840 2115 913 2164 Nam
938 2121 998 2165 onte
1017 2128 1022 2179 1

112 2183 254 2233 Romamn
270 2178 300 2228 in
316 2183 452 2232 centurias
469 2183 610 2232 iuniorum
628 2190 655 2234 et
671 2183 812 2233 seniorum
829 2183 928 2244 divisus
945 2185 1022 2234 fueret

132 2250 160 2299 ui
177 2250 233 2298 ism
251 2264 267 2297 a
283 2263 401 2300 numero
419 2251 649 2316 nominabuntur,
673 2250 812 2318 Quintilis,
836 2250 955 2316 Sextilis,
970 2249 1022 2320 Sept

112 2269 249 2376 &lobs-r,
265 2314 437 2379 November,
453 2319 621 2382 December,
639 2328 665 2370 et
682 2320 711 2370 hi
727 2327 807 2369 erant
823 2327 932 2377 tontum
951 2319 1022 2370 decen

111 2403 161 2438 ses.
198 2385 259 2433 Duo
279 2399 355 2449 tero,
378 2396 490 2454 propter
514 2388 652 2455 rationem
675 2391 818 2456 signorum
835 2389 915 2452 anni,
938 2382 1020 2440 intere

112 2462 173 2516 tur,
196 2451 243 2520 qui
261 2460 357 2515 postea
375 2471 390 2504 e
408 2456 472 2504 Iano
492 2464 518 2506 et
535 2475 552 2507 a
569 2457 676 2505 Februo
699 2455 832 2506 nominati
851 2465 927 2508 sunt:
953 2457 1022 2506 Fohn

112 2531 172 2574 tem
197 2530 236 2571 est
258 2519 328 2571 Ditis
351 2529 443 2589 pater:
467 2525 511 2573 cui
535 2542 568 2576 eo
591 2541 685 2576 mense
708 2524 920 2575 sacrificabatur.
961 2523 1022 2593 Quin

110 2589 214 2644 Sextilis
239 2588 336 2639 mutati
360 2599 422 2641 sunt
440 2601 533 2659 postea
556 2595 584 2644 iu
602 2593 737 2644 honorem
754 2593 815 2643 Iulii
832 2594 958 2645 Caesaris
975 2596 1022 2645 etl

111 2659 189 2710 Unde
206 2663 268 2707 sunt
284 2656 367 2707 Iulius
391 2667 417 2709 et
435 2663 574 2727 Augustus.
609 2662 652 2712 Sic
670 2661 779 2711 Ovidius
803 2662 831 2712 in
850 2664 943 2712 Fastis.
976 2663 1022 2729 Erg

115 2745 188 2779 novo
198 2767 205 2790 ,
223 2734 251 2778 et
268 2729 333 2777 anni
350 2728 429 2778 initio
442 2730 604 2798 accipimus,
621 2739 649 2779 et
665 2729 755 2799 primu
772 2739 851 2799 parte
864 2732 949 2782 Veris
982 2732 1019 2782 Ne

108 2806 240 2865 qrtuttuur
271 2804 335 2846 sunt
363 2803 489 2862 ternpore
511 2798 594 2849 divisa
616 2799 644 2849 in
667 2808 759 2849 ternos
788 2815 909 2851 menses:
938 2799 987 2868 qui
1011 2805 1022 2866 i,

111 2875 271 2931 temporum
294 2865 378 2915 telem
403 2867 507 2916 faciunt
531 2868 737 2918 discretionem:
769 2874 798 2915 ut
828 2869 919 2935 primo
944 2885 1022 2921 mens

110 2951 212 2989 novum
235 2932 342 2985 dicatur
366 2934 433 2985 Ver:
455 2937 572 2987 secundo
595 2935 734 2986 adultum:
765 2938 861 3000 terlio,
885 2954 1021 3008 praeceps.

110 3004 195 3054 etiarn
218 2999 357 3052 &illustius
381 3004 447 3052 dicit
468 3003 583 3070 ubique:
616 3021 688 3054 noua
721 3016 826 3068 aestas,
856 3007 971 3070 adtrita,
998 3026 1022 3074 pt

111 3070 156 3122 Sic
179 3072 347 3120 Auctumnus
370 3087 468 3135 novus,
501 3072 621 3136 adultus,
650 3087 789 3141 praeceps.
827 3073 898 3124 Item
921 3075 1022 3139 Hiems,

110 3139 217 3202 adulta,
242 3154 372 3207 praeceps
396 3140 437 3190 vel
460 3147 586 3191 extrema.
627 3141 705 3192 Unde
729 3150 770 3192 est
792 3143 890 3205 (340.);
916 3141 1022 3194 Extrern

110 3223 208 3256 casum
227 3206 341 3256 tumis.
381 3206 451 3258 Saue
480 3210 620 3260 sciendum
643 3208 853 3278 Xenophontem
883 3211 1022 3278 scripsisse

109 3276 213 3326 librum
231 3275 463 3325 oeconomicum:
488 3278 563 3327 cuius
580 3293 642 3346 pars
666 3279 763 3330 ultima
786 3279 987 3345 agriculturam
1003 3298 1022 3331 cr

111 3343 146 3393 de
163 3359 216 3409 qus
234 3351 311 3408 purte
329 3343 416 3395 multa
433 3344 467 3394 ad
483 3346 584 3412 [suum]
601 3347 654 3396 hoc
672 3362 738 3412 opus
756 3346 883 3414 Virgilius
899 3350 1023 3401 transtuli

112 3411 197 3462 etiam
221 3411 255 3460 de
273 3410 415 3476 Georgicis
432 3413 559 3480 Magonis
582 3415 654 3477 Afri,
678 3416 804 3478 Catonis,
827 3417 975 3481 Varronis,
996 3419 1022 3470 C}

112 3495 221 3547 quoque
240 3477 311 3528 libro
328 3480 410 3529 tertio
428 3481 692 3547 Oeconomicorum‚
714 3484 761 3552 qui
785 3480 986 3549 agricultum
1009 3505 1022 3537 c

52 3588 54 3595 ,
111 3549 184 3599 Num
202 3548 307 3614 primus
324 3557 473 3615 praecepta
489 3551 581 3617 habet,
597 3552 830 3618 quemadmodum
847 3552 950 3606 debeat
966 3565 1022 3608 mot

110 3615 160 3668 lias
186 3614 260 3665 domi
284 3630 381 3681 agere3
404 3619 551 3685 secundus,
577 3618 810 3686 quemadmodum
832 3621 899 3672 foris
929 3626 1022 3694 poteri

110 3685 180 3736 lllud
197 3700 304 3749 quoque
320 3684 461 3735 sciendum
478 3695 532 3751 est,
549 3688 577 3740 in
595 3689 635 3738 his
652 3690 728 3740 libris
746 3706 801 3740 uon
818 3706 875 3740 esse
892 3691 1022 3744 obscuritt

110 3752 328 3820 quaestiouibus,
354 3755 423 3802 sicut
446 3756 474 3804 in
492 3757 624 3821 Aeneide,
648 3759 700 3809 nisi
723 3759 751 3810 in
770 3759 862 3828 paucis
887 3760 1022 3812 udmodut

108 3823 161 3873 Sed
179 3822 205 3870 iu
225 3821 276 3869 hoc
294 3827 400 3876 tuntum
419 3824 693 3891 essediliicullatem,
710 3836 800 3878 utres
817 3826 918 3894 positus
936 3830 1023 3882 intelli

108 3892 126 3943 i.
145 3909 168 3942 e.
185 3887 216 3941 τό
236 3893 368 3956 uu'perur,
393 3892 462 3941 sicut
478 3892 547 3943 haec.
569 3898 660 3964 primu
678 3912 786 3964 quinque
804 3897 860 3948 eius
878 3913 1022 3970 praecepte

106 3958 196 4010 ficunt.
231 3960 302 4008 llum
320 3960 372 4008 hoc
389 3959 466 4025 dicit,
490 3978 588 4028 ugrum
605 3966 739 4029 fertilem,
763 3963 780 4016 i.
797 3982 820 4017 e.
836 3966 970 4034 pinguem
989 3978 1018 4023 et

104 4044 173 4095 sum,
190 4027 231 4078 bis
249 4027 351 4081 debere
369 4031 453 4082 orari:
472 4032 557 4084 semel
572 4048 657 4085 verno
674 4043 810 4102 ternpore,
827 4043 857 4087 ut
874 4043 902 4087 et
919 4036 1022 4094 herbae
