2288 4514
90 286 134 327 m
160 262 943 360 VIRGIL.AENEID.LIB.‘qxl1,144-161.
1008 279 1049 343 6⁵
1086 309 1097 329 .

76 466 90 501 a
120 451 288 516 diceretur,
309 451 380 504 nihil
403 459 498 503 tamen
524 469 540 504 a
563 451 669 503 Iunone
692 451 728 504 de
751 452 867 506 Iuturna
889 454 1055 510 detractum'

75 519 114 570 ed
143 520 242 587 potius
266 529 379 572 auctum
404 520 465 586 est]
498 521 780 578 Animadvertendum
803 531 912 590 autem,
934 540 1044 578 versum

75 589 144 640 sine
164 604 283 641 caesura
300 606 367 664 esse,
385 590 475 641 ,Nim
491 589 708 659 Heptimemeris
726 606 810 657 quam
834 592 939 647 habere
955 594 1043 646 credi·

75 656 348 726 in.Syualoepham
379 659 466 711 cadit:
500 666 544 708 ut:
575 657 762 725 lllagnanimi
786 660 863 711 lovis
896 665 1041 732 ingratum

75 727 145 777 dere
165 727 267 778 cubile.
305 728 487 780 Terentianus
505 726 539 778 de
563 725 634 777 hoc:
657 726 767 777 Rarum
786 731 951 795 concedam,
968 732 1042 799 fieri

75 813 172 860 losse,
192 798 361 868 negabarx-
395 801 456 854 145.
477 796 556 847 Coeli
576 798 607 844 in
625 808 720 862 parte5
738 797 768 848 in
786 807 866 865 parte
883 800 1041 854 divinitatis.

78 865 181 915 locum
199 867 348 916 numinum
365 881 416 934 pro
434 866 541 917 honore
559 867 657 930 posuit.
678 893 712 902 -
754 870 815 923 tlt.
834 863 898 934 Quia
916 870 980 929 aaa
998 873 1041 921 est

75 951 111 983 aa
135 935 218 1000 pati,·
243 943 393 1001 quatenus,
416 934 446 985 in
471 941 606 1002 quantum
631 933 772 999 permisit,
796 942 823 986 et
846 937 885 987 sic
909 939 949 990 ait
973 936 1039 1004 Qua

75 1014 132 1066 est,
156 1002 289 1071 utsupra
306 1007 368 1070 (11,
385 997 473 1068 292]):
498 1002 603 1053 Coeant
628 1005 660 1052 in
678 1003 798 1072 foedera
816 998 945 1071 deetr'ae,
971 1007 1037 1074 Qua
1078 1041 1087 1057 .

75 1090 86 1121 ·.
123 1069 197 1122 Sane
214 1071 332 1124 latenter
351 1073 484 1136 ostendit,
507 1073 633 1123 favorem
654 1073 804 1124 numinum
826 1075 886 1127 sine
902 1077 1038 1128 concessi·
1118 1083 1123 1093 '

75 1139 110 1190 al.
127 1140 319 1207 confectione,
347 1140 534 1208 confessione)
558 1141 681 1191 fatorum
698 1157 754 1192 non
772 1158 851 1211 posse
872 1145 1038 1213 procedere:

75 1207 163 1259 uidam
181 1216 279 1278 putant
295 1210 455 1276 Virgilium:
473 1211 567 1277 quoad
584 1212 649 1268 uisa
668 1221 708 1260 est
718 1210 859 1279 fortuna,
875 1213 929 1265 reli
951 1214 1036 1266 uiaset

74 1285 85 1327 t
107 1279 202 1345 quoad
226 1279 291 1328 visa
315 1291 371 1343 est,
395 1293 482 1346 usque
505 1275 581 1346 quo]
598 1304 632 1329 z·-
669 1285 729 1335 148.
749 1279 847 1332 Cedere
870 1300 915 1349 res
932 1231 1036 1347 iano,

74 1353 111 1398 ter
129 1354 232 1398 cuncta
247 1347 408 1415 procedere.
427 1373 461 1385 -
502 1353 563 1404 149:
585 1347 671 1398 Video
691 1365 871 1415 concurrere;
893 1367 945 1422 pro
969 1367 1048 1406 con-.

74 1430 145 1466 trum
164 1433 232 1466 esse.
266 1416 360 1480 Licet,
385 1416 464 1483 quau
480 1415 547 1480 dea,
574 1416 645 1469 bene
669 1419 811 1483 praesenti
834 1435 884 1472 usa
906 1420 941 1471 sit
962 1428 1036 1476 tem·
1088 1432 1091 1441 “
1116 1478 1118 1483 ,

74 1521 80 1549 ,
101 1501 170 1552 quae
193 1485 279 1536 etiam
302 1486 397 1537 futura
415 1485 553 1538 censebat.
572 1511 606 1521 -
649 1491 709 1542 151.
727 1485 794 1538 Non
811 1505 938 1555 pugnam
957 1492 1034 1556 aspi·

75 1551 142 1604 lanc
161 1555 271 1617 oculis,·
292 1555 362 1622 quia
384 1553 500 1606 numina
524 1554 650 1623 quotiens
673 1555 823 1606 morituros
840 1557 958 1615 viderint
979 1574 1035 1624 eos,

74 1639 97 1672 os
116 1624 226 1687 favent,
248 1622 285 1675 ab
307 1623 351 1674 his
374 1624 518 1674 recedunt.
559 1623 604 1673 Sic
621 1622 721 1674 Statius
738 1625 895 1694 Apollinem
918 1627 1056 1691 inducit,'

74 1690 192 1744 hiarium
209 1690 398 1756 deserentem,
422 1690 470 1742 ubi
488 1708 553 1743 eum
570 1693 691 1742 vicinum
715 1693 800 1744 morti
817 1698 875 1746 esse
891 1697 1033 1764 cognovit:

74 1759 116 1810 lliit'
126 1777 270 1826 moerens,
285 1760 477 1828 lacrymasque
495 1760 594 1811 avertit
610 1760 713 1829 Apollo.
748 1761 784 1811 Et
800 1762 951 1828 Homerus,
967 1780 1034 1816 cum

80 1827 211 1892 Hectoris,
229 1830 397 1898 expendente
412 1829 488 1880 laeva
506 1829 609 1894 (love),
624 1829 820 1893 inclinaretur,
837 1831 891 1882 ait:
908 1834 985 1885 Alae
1002 1829 1033 1887 di

73 1898 125 1965 tilios
140 1892 305 1962 ’Arduum
317 1925 352 1936 -
388 1905 449 1956 152.
463 1896 649 1953 ,Praesentius
668 1898 771 1959 audes,
789 1898 935 1966 efficacius,
952 1903 1033 1956 vehez

74 1965 122 2019 tiu.
152 1968 228 2027 Nem
244 1969 324 2019 decet
347 1982 512 2037 germanam
534 1967 630 2018 illicita
644 1967 741 2023 ,etiam
759 1982 809 2033 pro
834 1970 1031 2024 fratrissaluta

73 2051 155 2088 1η.-
188 2044 250 2095 153.
268 2036 379 2088 Forsan
398 2039 515 2086 miseros
533 2037 652 2086 meliora
670 2049 836 2100 sequentum
854 2055 888 2089 ne
903 2038 946 2105 (al.
962 2042 980 2091 i.
996 2041 1030 2102 ec)

73 2105 165 2170 spossit
179 2107 303 2158 fatorum
320 2106 388 2156 ordo
406 2104 519 2156 mutari.
533 2131 567 2141 -
602 2108 662 2161 154.
676 2103 760 2170 [Cum
778 2106 921 2174 lacrymas
936 2105 1030 2160 oculis

73 2186 116 2222 lma
131 2175 274 2243 profudit,·
297 2181 389 2223 totum
405 2172 594 2242 iungendum,
622 2173 690 2222 cum
710 2174 853 2241 lacrymas
871 2177 963 2227 oculis
982 2177 1030 2228 lu·
1111 2224 1119 2235 ,

73 2242 253 2311 upmsudit,]
280 2242 387 2309 Terque
404 2254 556 2309 quaterque
580 2259 666 2291 manu
684 2255 789 2307 pectus,
802 2248 956 2310 percussit,·
981 2249 1029 2314 [ne
1106 2255 1109 2265 “

73 2316 116 2362 thu
128 2313 231 2365 diverso
248 2321 377 2379 tempore
395 2318 424 2362 et
439 2311 607 2379 lacrymare,
625 2318 654 2362 et
670 2320 763 2380 pectus
781 2321 944 2379 percutere,
961 2318 1028 2366 cum

73 2392 140 2447 mque
156 2381 238 2433 simul
261 2381 325 2442 fiat3
349 2387 378 2432 et
394 2380 448 2430 hoc
465 2378 540 2443 idco]
564 2379 631 2447 quia
653 2379 740 2430 solam
757 2380 859 2433 doloris
885 2381 1029 2436 audiverat

73 2461 120 2514 um,
139 2451 208 2505 nihil
232 2449 469 2518 quemadmodum
494 2449 575 2500 fratri
592 2456 684 2516 posset
701 2449 817 2501 mederi.
852 2449 925 2501 Nam
943 2453 1027 2519 paulo
1050 2466 1054 2479 “

73 2518 184 2572 audiet:
213 2520 271 2570 Aut
293 2531 325 2569 tu
349 2518 421 2569 bella
453 2519 509 2584 oie,
540 2530 756 2584 conceptumque
787 2531 884 2569 excute
915 2521 1026 2586 foedus.

72 2599 172 2652 testum,·
203 2595 252 2641 aut
274 2589 414 2651 divinum,
438 2593 487 2638 aut
510 2587 585 2654 quod
611 2586 668 2636 Iovi
692 2587 802 2653 placere
825 2588 967 2657 potuerit]
990 2615 1026 2630 -

82 2654 136 2708 Non
152 2659 288 2725 lacrymis
307 2664 373 2719 etc.;
397 2670 454 2706 non
471 2655 573 2719 flendi,
590 2655 638 2705 sed
654 2655 834 2708 subveniendi
849 2665 959 2724 tempus
976 2667 1026 2713 est.

74 2737 96 2774 tu
107 2727 134 2778 iu
149 2736 275 2780 matrum
292 2722 483 2794 (Menoetisl)
507 2723 693 2774 consolatione
710 2729 772 2791 (12,
788 2723 876 2788 40&):
900 2728 1023 2780 Accensa

73 2795 99 2843 tit
120 2798 191 2864 igne.
232 2794 310 2863 [Non
336 2794 604 2861 lacrymistautem,
634 2801 683 2843 aut
702 2792 779 2844 deest
803 2794 957 2859 agendum,
983 2797 1026 2849 vel

85 2864 145 2925 lale,
166 2865 319 2934 figuratum
342 2870 383 2914 est
406 2877 457 2932 pro
482 2862 682 2926 laerymarum.
700 2887 734 2898 -
777 2867 837 2918 157.
855 2862 890 2911 Et
900 2863 1024 2930 fratrem
1058 2920 1061 2931 1

72 2933 101 2984 u's
116 2936 312 2999 modusquon
335 2931 415 2983 dicit:
440 2936 488 2980 aut
511 2931 603 2997 eripe,
627 2937 675 2980 aut
697 2928 769 2980 bella
793 2930 851 2996 cie,
874 2932 922 2983 sed
946 2933 1024 3001 eripe

72 3017 105 3055 tm
126 3012 174 3055 aut
196 3002 270 3055 bello
294 3001 449 3063 concitato,
473 3005 522 3049 ortt
543 3006 625 3066 rupto
649 2995 783 3066 loedere]
799 3025 833 3034 —
869 3005 930 3057 158.
949 3001 1023 3053 Con.

73 3088 145 3139 mque
162 3083 258 3124 excute
276 3070 401 3139 foedus;
425 3068 571 3136 placitum,
595 3067 689 3117 animo
715 3065 967 3135 praedestinatum,
991 3080 1022 3123 ut

72 3166 92 3178 —
124 3146 185 3200 159.
202 3141 307 3190 Auctor
324 3156 373 3205 ego
393 3138 532 3200 audendi;
558 3136 672 3186 nomina
695 3135 725 3186 in
749 3148 792 3186 tor
817 3139 959 3204 exeuntia,
980 3141 1021 3192 fe-

71 3227 92 3262 ta
108 3227 139 3263 ex
156 3226 185 3265 se
206 3210 328 3272 faciunt,
354 3223 424 3274 quae
450 3204 514 3272 [in]
541 3206 599 3255 trie
621 3205 824 3269 terminantur,
846 3206 868 3256 si
891 3214 986 3260 tamen
1004 3228 1021 3263 a

84 3279 210 3343 veniant,
224 3285 256 3327 ut
274 3276 309 3327 ab
329 3290 362 3326 eo
381 3275 454 3341 quod
471 3281 512 3324 est
530 3274 606 3340 lego,
624 3281 652 3324 et
669 3274 762 3338 lectar,
779 3281 807 3325 et
823 3275 922 3326 lectrix
939 3278 1021 3329 facite

73 3386 82 3414 ‚
111 3349 222 3410 donor,
253 3342 303 3412 [et]
327 3345 445 3394 doctrix.
487 3342 515 3392 Si
538 3350 632 3394 autem
656 3360 673 3392 a
696 3343 780 3393 verbo
804 3359 861 3395 non
886 3345 1046 3414 venerint,‘

71 3418 142 3469 ituria
157 3423 229 3466 sunt.
263 3415 337 3464 Nam
361 3412 487 3463 similiter
512 3419 540 3462 et
556 3411 707 3462 masculina
725 3419 753 3463 et
776 3413 911 3464 feminina
927 3414 957 3464 in
974 3426 1019 3467 tor
1060 3418 1063 3426 '

71 3494 91 3551 t,
113 3483 216 3539 uthic
240 3490 269 3534 et
291 3481 359 3532 hoec
383 3494 513 3544 senator,
536 3478 582 3530 lic
607 3487 635 3530 et
659 3480 726 3530 haec
751 3482 905 3532 balneator.
939 3482 1021 3537 Licet

71 3557 122 3605 rius
146 3551 334 3618 usurpaverit,
358 3551 556 3601 balneatricem
581 3548 682 3602 diceus.
718 3550 785 3600 Tale
809 3558 851 3601 est
874 3558 902 3602 et
919 3549 965 3605 hic
990 3561 1018 3606 et

71 3635 180 3673 ructor.-
198 3620 246 3672 sed
263 3629 330 3669 tunc
347 3634 412 3669 cum
429 3619 464 3670 ab
479 3619 644 3668 auctoritate
663 3618 811 3682 descendit,
828 3626 859 3668 ut
875 3619 929 3669 hoc
945 3619 1015 3675 loco.

71 3700 163 3743 autem
181 3690 256 3741 venit
279 3687 314 3738 ab
333 3704 368 3738 eo
392 3688 465 3757 quod
483 3695 524 3739 est
549 3705 657 3754 augeo,
679 3695 706 3738 et
731 3699 829 3737 auctor
853 3695 881 3738 ot
903 3695 1016 3741 auctrix

80 3770 113 3812 ut
131 3759 261 3822 ridicas,
285 3769 384 3808 auctor
403 3759 570 3807 divitiorum
582 3757 637 3816 ,vel
659 3759 771 3826 auctrix
788 3758 964 3821 patrimonii.
981 3787 1017 3800 -

71 3831 185 3896 leliquit
203 3831 358 3890 incertam,·
383 3827 448 3892 quia
464 3826 529 3876 licet
546 3825 653 3875 dederit
670 3826 695 3875 ei
713 3826 873 3889 consilium,
897 3825 1016 3881 dicendo

71 3899 92 3965 t]
108 3897 235 3967 forsan,
252 3910 322 3949 eam
346 3894 458 3962 reliquit
479 3894 623 3944 incertam.
641 3919 675 3928 -
716 3898 776 3949 161.
794 3893 902 3944 Interea
922 3886 1015 3962 riges,-

70 3985 90 4021 u
114 3966 303 4035 Hyperbaton.
345 3963 418 4014 Nom
442 3963 509 4014 ordo
534 3971 588 4013 est:
618 3962 728 4012 Interea
757 3976 838 4028 reges
861 3966 1016 4030 procedunt
1051 4002 1059 4009 -

72 4075 79 4090 .
114 4024 217 4086 Cetera
233 4032 310 4086 enim
326 4050 390 4104 pera
394 4030 575 4115 parenthesin
591 4030 665 4082 dicta
681 4035 757 4081 sunt:
774 4046 826 4080 uec
841 4038 883 4082 est
892 4031 1016 4104 Eclipsis,
1038 4089 1042 4095 ,

794 4150 810 4202 5
