2288 4514
45 324 90 366 m
119 270 681 387 vraou.raua1ur1a.'xu,
707 252 921 389 rra—rar.v
966 317 1010 411 67
1088 290 1093 297 ’

9 504 70 542 ‚am
90 497 167 544 ante
193 488 414 543 immolationem
431 488 532 544 ducere
556 500 762 545 consueverant.
802 493 877 546 Nam
893 495 947 549 hoo
964 505 1006 552 est

9 559 19 612 l
45 560 139 626 dicit,
165 558 202 610 Et
226 571 349 626 tempora
377 560 538 628 (tergora2)
555 559 638 628 ferro
662 562 777 612 Summa
802 574 901 617 notant
923 551 1009 635 pecu-¹·

9 646 25 681 ι.
44 654 85 667 -
126 634 192 687 174.
212 628 386 697 [Patarisque
405 630 509 679 altaria
528 629 634 693 liberam
659 645 691 684 ea
709 632 785 697 enim
804 635 920 702 quaein
937 638 1005 689 alta·
1103 688 1106 694 ,

13 697 200 763 funduntur,
232 699 338 750 altaria
364 697 419 748 dici
441 697 526 749 voluit
548 698 667 762 Probus3
697 698 744 752 alii
768 702 874 754 altaria
898 706 1003 772 speeies

9 772 72 817 nim
88 766 219 819 tradunt.
235 788 270 804 ·-
304 771 365 825 175.
385 766 457 815 Tum
474 768 542 831 piur
559 768 668 818 Aeneas
686 771 783 821 stricto
802 773 844 821 sr'o
861 788 925 825 ense
941 789 1004 840 pre.

9 850 58 899 ur,-
84 834 136 886 hio
154 836 234 904 prior
250 843 396 904 precatur,
420 835 485 903 quia
501 835 547 885 hic
564 838 668 888 mavult
691 837 753 889 lieri
771 840 881 893 foedus:
904 845 1002 901 stricta

9 918 55 956 m
80 921 163 970 ense,
185 902 260 956 itu'ta
283 903 425 973 quendam
448 902 627 956 iurisiurandi
649 919 760 958 morem
782 906 841 973 ait.]
865 935 899 949 -
941 918 1003 971 176.
1035 952 1039 959 .

9 988 30 1023 o
47 989 127 1024 nuno
146 973 192 1024 sol
208 973 310 1039 ,testis5
334 971 406 1024 berle
432 988 497 1023 eum
520 973 644 1039 primum
668 975 775 1026 invocat
797 975 895 1044 deum,
916 986 1003 1049 quem

9 1047 102 1092 utem
118 1041 230 1094 intuens
246 1041 321 1093 vidit.
353 1041 428 1091 Nam
445 1042 492 1104 ait,
507 1040 559 1092 Illi
576 1042 613 1091 al
632 1056 792 1110 surgentem
809 1049 939 1101 conversi
957 1051 1002 1101 lu·

9 1122 46 1159 na
63 1110 158 1161 solem.
191 1109 258 1162 Esto
276 1118 385 1174 autem,
410 1109 493 1160 multi
516 1110 611 1161 volunt
633 1126 692 1164 esse
712 1113 825 1164 tertiam
842 1124 1003 1189 personam,

9 1194 29 1233 a.
42 1178 78 1227 rit
92 1176 164 1230 mibi
180 1176 226 1229 Sol
241 1179 333 1231 testis:
358 1176 424 1246 quia
441 1179 578 1246 reputor:
605 1177 641 1229 ut
656 1177 724 1231 haec
742 1191 834 1233 terras
858 1192 888 1235 ut
911 1184 1003 1240 eloou·

9 1260 75 1299 ntur
88 1262 141 1315 per
156 1246 360 1299 nominativum
376 1248 480 1298 factam
497 1246 693 1316 intelligamus.
728 1247 782 1302 Sed
797 1250 852 1303 hoc
868 1265 925 1306 nou
937 1272 1001 1327 pro-
1089 1316 1092 1321 .

9 1312 60 1379 tit,
122 1315 148 1367 'a
171 1332 183 1367 s
257 1317 317 1368 ntia
346 1315 502 1367 vocativum
529 1315 648 1382 habent,
676 1321 720 1368 ut:
749 1317 785 1369 Er
808 1330 839 1369 tu
863 1319 1003 1378 Saturnia

10 1382 50 1435 bv
84 1331 169 1437 lgm:
222 1402 294 1452 uque
317 1386 417 1457 inclite
434 1383 560 1435 Mavors.
601 1385 680 1437 Unde
696 1403 747 1455 per
763 1387 918 1442 vocativum
935 1409 1002 1447 eum

9 1450 179 1506 mdrdixisse
196 1455 379 1525 accipiamus:
401 1453 432 1504 in
455 1452 509 1503 hoc
527 1467 591 1504 vero
614 1461 724 1506 tantum
740 1454 777 1507 ad
799 1457 1002 1514 nominativum

19 1551 25 1554 -
54 1549 56 1553 ¹
81 1521 241 1574 uruntumt
270 1521 305 1573 Et
321 1520 389 1572 haee
408 1519 480 1571 mihi
497 1524 571 1572 rerr‘a
588 1526 732 1589 presenti3
757 1523 822 1577 licet
845 1526 931 1581 etiam
953 1530 1001 1584 hie

73 1604 123 1642 ene
138 1591 282 1644 vocativus.
318 1591 391 1642 Nam
408 1587 545 1645 δεικτικοῖς
562 1599 603 1642 est
619 1591 737 1642 dictum:
754 1590 832 1644 Haeo
850 1606 924 1649 terra
942 1612 1001 1654 erro

28 1665 47 1690 ³1
66 1660 151 1711 tertis:
169 1676 203 1711 ao
218 1661 244 1711 si
260 1658 379 1712 diceret:
397 1676 413 1708 o
428 1661 522 1711 Italica
533 1668 611 1711 terra
626 1659 702 1712 testis
716 1659 810 1727 [mihi]
819 1669 885 1716 esto.
919 1664 1003 1734 [Sana

66 1725 361 1794 rememoreramus,
383 1728 429 1781 hio
446 1727 552 1780 inducit
567 1727 643 1778 fieri:
667 1727 740 1779 Nam
758 1737 789 1780 ut
810 1730 852 1782 ibi
868 1732 1002 1805 Priamus,

25 1790 79 1856 ,fu
89 1795 214 1864 Latinus,
238 1805 270 1848 ut
292 1797 339 1849 hic
355 1799 476 1863 Aeneas,
497 1796 539 1848 ibi
554 1798 749 1867 Agamemnon
766 1805 795 1850 et
812 1798 920 1866 priores
937 1819 1021 1872 pre·-

88 1866 131 1935 qui
145 1865 279 1920 servaturi
295 1873 359 1916 sunt
375 1867 487 1929 foedus,
510 1864 584 1935 quod
607 1872 745 1934 ruperunt
762 1865 810 1936 qui
833 1871 1000 1935 posteriores

40 1957 41 1962 ¹
84 1932 199 2000 'arant,
221 1935 262 1988 ibi
285 1951 337 2005 per
353 1935 511 1987 Pandanam
528 1933 659 1998 Troiani,
682 1933 729 1985 hio
751 1952 803 2005 per
820 1936 1003 1995 Tolumnium

34 2022 86 2065 ,
101 2011 126 2056 et
139 2005 193 2057 hoo
208 2020 260 2076 per
282 2003 407 2071 speeiem
430 2001 555 2073 augurii,
578 2019 650 2071 quae
665 2006 790 2070 precario
810 2008 935 2058 maximo
953 2028 1015 2082 ap·-

45 2079 103 2137 Ἣ,
121 2072 193 2125 dicit.
238 2071 364 2124 Precatio
389 2081 484 2127 autem
510 2074 637 2122 maxima
661 2080 703 2124 est
728 2088 794 2124 oum
817 2074 911 2142 plures
934 2076 1001 2132 deor

84 2137 107 2192 in
127 2139 224 2194 ceteris
245 2141 372 2212 partibus
395 2140 578 2211 auguriorum
601 2148 746 2208 precatur,
769 2151 935 2213 eventusque
957 2148 1002 2202 rei

34 2253 35 2258 ,
62 2240 71 2245 ··
83 2206 201 2278 poscitur,
217 2210 294 2262 utin
310 2209 408 2262 melius
425 2212 529 2273 iuvent,
545 2209 619 2277 quod
635 2208 678 2261 his
694 2209 816 2263 versibus
834 2214 1001 2272 ostendittur

69 2279 297 2346 eunomianis,
320 2291 347 2329 et
363 2277 431 2330 hoec
457 2276 530 2330 mihi
554 2289 630 2327 terro
652 2281 788 2345 precanti.
824 2279 862 2331 Et
877 2281 942 2334 huic
959 2293 1001 2339 eat

66 2342 184 2400 'simile
200 2346 390 2401 iuramentum
414 2347 461 2415 (Il.
480 2366 511 2416 γ,
528 2345 614 2406 276.)τ
637 2343 693 2400 Zei
715 2347 805 2417 πάτερ
823 2368 848 2403 κ.
865 2366 892 2404 τ.
910 2347 947 2418 λ.]
963 2381 999 2394 -

31 2407 137 2477 -Quan
157 2428 284 2485 propter,
308 2415 454 2485 [propter,
476 2413 650 2486 penultima]
674 2427 715 2467 ter
737 2417 823 2471 habet
845 2427 1001 2490 accentum,

39 2542 42 2549 Ι
71 2490 101 2534 art
118 2485 265 2556 postposita
281 2485 464 2556 praepositio,
488 2484 523 2553 [i.
543 2500 566 2536 e.
594 2484 708 2554 pr'opter
731 2502 817 2607 (paam
839 2491 945 2553 tantam
967 2499 1001 2543 ut

95 2561 153 2625 rapt
167 2551 321 2626 βασιλείας,
347 2570 412 2605 cum
435 2563 533 2605 contra
549 2550 657 2604 dicatur
674 2557 738 2622 βασι
754 2558 810 2608 etus
825 2559 905 2622 πέρι,
934 2559 1000 2627 quia
1077 2601 1079 2606 .

56 2625 181 2695 thosita
203 2622 377 2709 praepositio.
393 2647 429 2661 -
469 2626 530 2679 178.
548 2621 583 2670 Et
599 2633 678 2687 pater
694 2632 762 2687 etc.;
783 2634 910 2678 ceterum
926 2628 1002 2695 quod

24 2737 25 2742 ,
48 2716 49 2721 =
105 2693 169 2747 'one
184 2693 240 2748 diei
256 2693 340 2757 solet,
356 2699 388 2743 ut
403 2690 501 2744 melius
516 2691 625 2754 iuvent,
641 2691 739 2743 melius
755 2693 913 2758 fortunent,
936 2695 1002 2748 sub·

36 2781 40 2786 ·
59 2752 229 2816 lismona:
246 2761 278 2814 si
292 2773 420 2815 nastrum
435 2759 569 2810 adnuerit
586 2760 669 2810 nobis
683 2762 804 2812 victorio
817 2761 1001 2829 Mortem]-

26 2841 40 2852 ”
60 2824 108 2881 lom
123 2834 236 2899 melior,
260 2834 320 2883 iam
338 2832 405 2881 divo
423 2840 537 2894 prason
560 2843 594 2878 ac
620 2828 642 2878 si
660 2828 780 2882 diceret:
802 2831 862 2881 Iam
879 2846 936 2883 uon
953 2832 1001 2885 Sa·

95 2898 113 2953 i.
128 2918 152 2954 a.
167 2899 249 2971 [iam]
266 2900 385 2953 minime
407 2911 527 2960 nocens,
552 2895 602 2946 sed
619 2896 748 2949 Troianis
772 2897 900 2971 propitia.
936 2901 1002 2968 [Aut

45 2960 85 3032 ἠ
103 2968 158 3022 ndu
175 2969 310 3040 optantis,
333 2967 382 3022 sed
405 2963 577 3019 adsumentis
600 2964 782 3032 accipiamus:
808 2967 899 3047 potuit
922 2970 1001 3022 eninr

47 3031 86 3093 *1¹⁸2
110 3076 114 3081 .
133 3038 225 3092 minu,
241 3054 271 3092 ae
287 3034 450 3108 impugnari
466 3051 483 3086 a
495 3033 599 3084 Iunone
613 3034 661 3100 qui
673 3033 777 3087 vicerat
793 3031 855 3099 bra]
868 3061 904 3074 ·-
936 3043 1000 3096 180.

75 3142 77 3144 ψ
99 3123 108 3169 ;
127 3107 194 3177 [hoo
208 3105 283 3173 loeo]
298 3108 373 3175 regis
398 3106 504 3173 [freuo,
525 3101 654 3182 QUEM
671 3106 712 3182 (4,
728 3105 816 3167 666.):
838 3102 902 3170 Ipse
917 3108 1001 3173 pedes

10 3166 77 3235 Μ
91 3188 221 3246 torquens
240 3179 363 3229 immane
381 3176 488 3227 leonis:
513 3168 614 3235 a11b1,]
637 3179 767 3236 sustmes,
782 3173 833 3293 ,Pu
849 3175 892 3238 (4,
909 3176 1004 3240 482.):'

11 3230 58 3291 bn
75 3238 187 3300 lamera
213 3250 330 3313 torquet,
373 3243 474 3294 Inclita
499 3239 633 3301 Mavors;
658 3238 730 3292 bene
751 3241 781 3293 in
800 3241 857 3292 uuit
878 3242 1001 3298 Martem

11 3304 66 3381 Q,
86 3330 170 3384 quem
185 3315 237 3368 soit
259 3314 405 3366 Romanae
421 3308 514 3380 stirpis
530 3315 680 3359 auctorem.
697 3337 733 3349 -
766 3316 828 3367 181.
845 3309 1010 3381 Fontesque·

11 3368 123 3453 binaque
139 3401 224 3451 aaa„
248 3389 452 3451 congruenter,
474 3393 540 3429 cum
563 3393 581 3428 a
597 3376 737 3444 Tyberiuo
760 3377 877 3439 flumine
900 3382 936 3431 sit
952 3382 1001 3435 ad·
1090 3420 1094 3425 -

11 3451 86 3506 uiae
106 3468 178 3524 φωρ
201 3468 285 3523 agere
309 3448 444 3514 deberet]
486 3446 621 3513 Quaeque
646 3445 766 3496 aetheris
791 3449 845 3498 alti
867 3446 1000 3518 Religio,-

11 3528 14 3563 ἲ
86 3521 216 3592 specialia
232 3521 325 3574 intulit
340 3515 561 3590 generalitatem.
595 3513 676 3583 [Sane
695 3515 794 3582 religio
813 3516 901 3583 dicta,
925 3519 1001 3588 quod

11 3602 16 3640 ι
57 3592 144 3645 mines
164 3593 320 3660 religantur
337 3589 373 3642 ad
389 3587 496 3639 cultum
512 3584 644 3635 divinum.
662 3610 695 3621 -
731 3590 792 3640 182.
810 3583 915 3652 Ponto,·
938 3586 957 3640 i.
975 3604 1001 3641 e.

24 3668 102 3731 ponto
119 3662 278 3730 etquidem
299 3659 355 3711 hoo
376 3657 437 3708 loco
460 3672 478 3706 a
500 3652 556 3704 lilio
574 3652 688 3703 Veneris
711 3650 905 3720 iureiurando,
928 3656 1002 3708 velut

11 3729 75 3796 atria,
90 3730 186 3781 volant
200 3728 319 3781 inditam
335 3719 527 3787 mentionem]
540 3747 575 3758 -
609 3726 670 3778 183·
690 3720 810 3779 Cesscrit
827 3722 955 3776 Ausonio
973 3726 1002 3776 sa·

11 3812 47 3862 ης
66 3801 90 3849 at
112 3798 199 3851 forte:
223 3806 253 3852 et
268 3797 341 3850 bene
359 3793 467 3846 dubitat
490 3792 524 3842 de
547 3791 608 3842 hoc.
645 3789 750 3840 Contra
772 3805 838 3839 cum
862 3790 897 3842 ad
919 3808 1002 3845 suum

11 3862 144 3931 'erlvenerit
159 3883 262 3920 nomen
273 3904 282 3932 ,
299 3862 382 3916 dicit:
402 3861 438 3912 Ut
455 3862 551 3927 potius
570 3876 648 3922 reor,
665 3869 691 3907 et
708 3859 804 3923 potius
823 3858 866 3909 dii
885 3864 1002 3914 numine

11 3949 85 3988 mr.
119 3934 316 3989 saturatione
332 3948 390 3986 non
408 3937 500 3993 caret,
525 3927 598 3997 quod
621 3926 714 3994 primo
731 3926 765 3978 de
781 3926 896 3979 victoria
913 3929 1004 3982 Turni

11 4003 100 4071 (uiuat,
124 4014 187 4072 post
209 4001 351 4057 descendit
371 4000 413 4053 ad
437 4013 522 4049 suam.
557 3994 614 4045 Scit
631 3995 708 4046 enim
725 3995 755 4046 in
772 3997 894 4059 auguriis
911 3998 1005 4065 prima

11 4073 164 4127 morium
187 4072 294 4127 cedere,
313 4098 350 4110 ...
390 4073 453 4127 185.
477 4065 619 4126 Rebelles3
642 4062 727 4114 homo
753 4063 865 4115 rebellis
891 4066 1006 4119 dicitur:

756 4182 795 4242 5*
