2424 4506
130 283 169 326 ru
191 260 353 334 VIRGIL.
376 250 548 327 anuum.
572 260 652 326 IiIB.
674 262 731 340 XI,
751 267 949 334 too-415.
1023 272 1071 335 31.

615 393 626 419 Ὗ

44 445 85 500 ult
105 447 226 502 latenter
252 447 397 501 ostendere
422 447 616 520 proditorem]
638 474 674 488 --
715 450 777 506 too
804 447 924 501 Proinde
931 473 940 514 ,-
964 449 1067 519 itaque.

10 557 13 560 .
44 517 122 570 itast
139 518 224 570 ordo:
247 518 329 569 Nulla
346 517 416 569 salus
440 518 527 582 bello,
550 518 667 588 proinde
690 517 785 569 omnia
806 534 910 587 magno
932 535 1068 572 necessa

44 586 141 639 turbare
166 595 255 638 metu.
298 587 398 638 Cetera
424 605 473 656 per
496 586 686 639 Parenthesin.
700 586 773 639 dicta
796 597 867 639 sunt.
912 589 986 656 [Hoc
1017 597 1068 654 est,

47 659 117 722 upiti
140 673 212 706 cane
234 657 307 708 talia
332 657 445 706 demens
462 655 613 706 Dardanio
634 654 696 720 eto]
713 683 747 692 —
767 662 769 673 ¹
788 661 850 713 401.
867 657 954 724 Atque
980 658 1066 709 ertul-

47 722 87 775 lue
104 733 168 789 eta,
199 724 336 776 haec'est
357 725 442 786 uirtus
468 725 651 793 eloquentiae.
670 779 673 787 ¹
694 725 761 791 [Bis
785 734 879 776 autem
901 729 1006 791 victae,
1030 726 1067 778 ab

47 792 146 845 Hercule
163 802 193 847 et
209 793 245 846 ab
263 791 388 860 Argivis]
422 794 506 848 Arma
532 802 625 844 autern
643 793 745 844 Latini
768 794 1003 861 invidiose⁷dixit,
1025 797 1068 864 [ut

40 859 169 915 drentem
188 862 288 927 Latino
312 862 411 912 reddat
426 861 578 925 invisum3]
602 879 668 913 uam
694 863 789 914 debuit
807 881 866 914 mea
885 864 984 914 dicere.
1020 864 1068 930 [Et

48 927 86 980 loc
99 932 133 983 ad
144 926 220 983 illud
236 931 311 999 quod
327 931 374 981 ille
392 931 510 982 dixerat:
538 934 584 981 ius
602 935 749 998 proprium
770 935 829 999 regi
846 935 1007 998 patriaeque
1026 949 1071 983 re-.

10 1013 20 1043 s
49 999 137 1064 niteat]
152 1004 190 1038 ’-
232 1005 295 1057 403.
320 999 533 1067 Myrmidonum
557 1017 699 1065 proceres3
723 1000 896 1052 Graecorum
920 999 1068 1068 principes.

10 1078 22 1109 t
47 1064 213 1122 licitantem
230 1069 389 1119 Patroclum
406 1075 434 1119 et
450 1069 595 1120 Achillem.
629 1071 700 1120 Nam
726 1069 790 1120 licet
811 1070 864 1136 ipsi
881 1070 990 1120 aliunde
1008 1074 1085 1135 fua-¹

47 1136 100 1203 rint,
114 1147 213 1190 umen
229 1137 452 1204 Myrmidonibus
469 1137 683 1204 imperaverunt,
700 1137 770 1190 haec
788 1148 881 1190 autem
899 1139 977 1208 ponit
992 1137 1066 1189 inter

10 1220 22 1249 r
45 1202 222 1274 impossibilia,
247 1214 276 1257 et
300 1206 386 1256 utitur
411 1204 520 1255 Graeco
544 1207 707 1271 proverbio,
741 1201 796 1258 drot
821 1204 953 1276 ποταμῶν
979 1205 1066 1275 ῥέουσι

10 1288 21 1315 ’ν
46 1283 113 1343 sarai
127 1278 220 1342 (codd.
237 1282 363 1325 tantum:
380 1268 435 1326 ina
453 1274 592 1341 ποταμοί.)
629 1274 672 1326 sio
690 1277 818 1326 Horatius
836 1277 1013 1347 (Epod.16.):
1031 1276 1066 1326 Et

10 1355 20 1373 ⁹
46 1359 96 1396 aare
110 1345 206 1395 Padus
224 1343 340 1393 Matina
360 1344 429 1408 (Vos.
447 1344 574 1404 Matini)
601 1345 702 1395 laverit
720 1348 880 1396 cacumina.
916 1347 952 1399 Et
968 1346 1007 1396 sic
1025 1353 1067 1397 est

10 1423 20 1453 θ
45 1415 110 1465 uodo
125 1414 250 1478 dicturo,
269 1421 299 1462 ut
315 1413 345 1463 in
363 1416 461 1478 quarto
480 1413 574 1479 (377.):
598 1413 683 1463 Nunc
701 1411 808 1480 Lyciae
826 1427 926 1476 sortes,
947 1422 1023 1463 nunc
1041 1425 1068 1463 et

45 1481 95 1533 lore
111 1486 219 1534 missus
238 1483 274 1532 ab
294 1485 365 1546 ipso.
377 1505 412 1518 ·-·
445 1485 506 1538 405.
524 1481 608 1531 Retro
621 1482 705 1550 fugit
719 1480 963 1549 Aiaejidus·'undas,·
982 1480 1067 1550 [quud

10 1564 19 1619 ἱΙ
44 1561 72 1602 ut
87 1554 267 1604 contrarium.
304 1549 425 1616 Aufidus
444 1549 549 1614 autem]
566 1551 679 1616 Apuliae
697 1550 795 1601 fluvius
812 1553 873 1619 [est‚
889 1552 961 1602 iuxta
976 1553 1067 1602 Canu·

10 1630 19 1661 :2
44 1621 99 1672 uum
113 1617 270 1683 civitatem]
295 1621 396 1684 cadens
411 1619 441 1670 in
459 1619 628 1670 Adriaticum
667 1620 767 1686 elegus.
783 1647 816 1656 -
852 1625 913 1678 406.
936 1619 983 1670 Vel
1000 1636 1065 1672 cum
1113 1638 1114 1645 ¹

10 1684 19 1729 l
44 1698 135 1753 ueta,
160 1697 264 1741 contra
286 1687 354 1738 illud
372 1687 445 1755 quod
463 1685 594 1737 aitz'Det
619 1637 774 1738 triennum
793 1688 899 1756 fandi,
917 1690 1065 1757 flatusque

10 1788 17 1810 -,
44 1762 153 1811 remittat.
189 1759 267 1808 Nam
284 1757 338 1808 hoc
356 1755 435 1806 dicit:
452 1756 598 1818 Timorem
616 1773 696 1806 suum
712 1757 870 1808 naturalem
886 1758 1018 1822 invidiosa
1035 1756 1065 1808 in

10 1840 16 1867 2
43 1840 118 1879 meam
133 1844 253 1879 causam
271 1833 481 1892 retorquet,⁴ut
505 1842 585 1876 meae
609 1826 796 1893 praesentiae,
820 1842 876 1876 non
900 1825 970 1876 illius
987 1833 1065 1878 uatu-

10 1905 16 1935 ι*
42 1910 85 1962 rae,
99 1897 170 1965 quod
188 1897 283 1956 timet,
300 1908 358 1945 esse
375 1894 504 1945 videatur.
538 1896 596 1944 Hoc
615 1903 656 1944 est
673 1895 748 1945 enim
767 1895 840 1962 quod
857 1895 964 1961 planius
982 1894 1066 1946 iterat

10 1976 15 2002 ³·
42 1963 130 2017 dicens:
153 1965 192 2014 Et
207 1965 373 2032 formidine
398 1967 504 2013 crimen
529 1964 654 2027 acerbat,
674 1963 715 2030 .[i.
733 1983 757 2015 e.
775 1981 858 2032 quam
883 1960 1013 2027 simidat.]
1030 1989 1065 2000 ·-

10 2027 15 2104 3²
40 2034 235 2102 407.Art1ficis
264 2034 372 2095 scelus5
396 2050 464 2085 nam
487 2033 685 2084 sceleratorum
710 2041 764 2096 est,
787 2033 918 2084 simulare
940 2032 1066 2083 formidi-

10 2109 96 2156 ¹rem.
131 2103 280 2171 [Acerbum
304 2117 407 2156 nomen
423 2102 482 2153 sine
500 2101 582 2151 verbi
594 2101 715 2166 originem
738 2119 793 2153 non
811 2103 887 2154 euim
904 2101 971 2152 facit
989 2117 1065 2152 acer·
1102 2108 1105 2119 “

10 2179 13 2207 ’
38 2170 79 2239 ln]
95 2197 129 2210 -
164 2176 231 2229 409.
250 2170 366 2220 Habitet
383 2182 472 2220 tecum
490 2171 699 2238 etc.;-pessima
723 2179 752 2222 et
769 2171 826 2221 vilis
849 2169 942 2222 anima
959 2169 1067 2222 habitet

35 2237 211 2307 umembriq
226 2239 366 2305 congruis.
400 2241 473 2290 Nam
490 2240 574 2289 talem
592 2238 674 2288 vilem
699 2247 726 2291 et
743 2241 891 2308 pessimam
908 2239 1068 2372 accipimus,
1086 2238 1107 2255 “·

34 2324 106 2378 tuam
120 2313 204 2364 nefas
219 2319 262 2360 est
274 2307 368 2376 perire
385 2326 417 2359 ea
431 2310 533 2371 dextra,
546 2310 617 2376 qude
631 2311 699 2375 [non
712 2309 823 2374 inertes,
835 2310 883 2360 sed
897 2324 967 2375 quae
991 2308 1067 2359 viros

31 2380 106 2432 instes
122 2387 240 2431 tantum
258 2376 397 2429 consuevit
414 2377 554 2437 occidere;
579 2378 618 2442 [ct
640 2378 695 2427 hoc
716 2378 750 2427 ad
773 2366 858 2441 illud,
879 2376 958 2427 Licet
983 2394 1066 2428 arma

29 2450 94 2501 milii
107 2448 175 2514 eta]
192 2475 228 2485 -
263 2453 325 2504 410.
344 2445 479 2498 consulta
500 2457 634 2508 revertor,·
653 2447 798 2497 consultor·
815 2454 855 2498 est
872 2447 919 2514 qui
936 2447 1068 2498 consulit:

26 2520 174 2571 consultus
201 2515 251 2584 qui
274 2515 437 2568 consulitur:
463 2515 623 2565 consultum
648 2529 712 2566 vero
738 2523 778 2567 est
799 2531 844 2567 res
868 2516 927 2584 ipsa
952 2512 985 2566 de
1010 2531 1067 2582 qua

24 2590 80 2657 quie
104 2586 273 2638 consulitur.
310 2583 401 2650 =[Bene
426 2598 493 2649 ergo
519 2582 664 2648 consulta,
687 2583 721 2635 da
745 2585 844 2652 quibus
867 2581 1006 2647 consulis]
1029 2610 1065 2620 —-

21 2662 79 2715 411.
100 2657 135 2707 Si
153 2655 270 2706 nullam
290 2659 363 2712 eto.;·
377 2653 687 2714 insinuationeutitur,
711 2652 729 2703 i.
750 2672 772 2704 e.
795 2653 893 2705 callido
921 2659 948 2702 et
971 2646 1070 2702 subtili

20 2728 96 2778 aditu
115 2725 151 2776 ad
170 2721 404 2794 persuadendum.
438 2722 501 2772 Vult
518 2721 595 2775 euim
613 2721 721 2785 dicere,
744 2723 842 2773 melius
867 2738 924 2774 esse
941 2722 1065 2786 interire,

20 2811 105 2864 quam
124 2809 230 2864 pacem
249 2807 357 2858 rogare.
384 2790 473 2857 Quod
496 2791 561 2858 quia
578 2798 673 2858 aperte
696 2805 753 2841 non
771 2791 854 2843 audet
870 2789 1001 2858 [dicere],
1024 2790 1063 2841 la-

17 2873 110 2917 tenter
129 2871 160 2914 et
178 2861 316 2929 paulatim
334 2857 369 2909 ad
391 2860 445 2910 hoc
462 2859 556 2925 serpit.
590 2859 717 2926 Namque
740 2860 813 2910 inter
835 2861 1010 2926 principium
1035 2866 1065 2910 et

17 2934 258 2985 insinuationem
272 2931 326 2980 lioc
343 2928 469 2989 interest,
494 2926 567 2995 quod
585 2930 758 2994 principium
784 2935 832 2982 est.
848 2936 944 2996 aperta
962 2927 1064 2995 (Guell.

16 3003 36 3054 l.
54 3001 190 3069 apertae)
208 2999 250 3049 rei
267 2996 433 3048 enuntiatiot
450 2997 614 3047 insinuatio
632 3005 743 3061 autern,
761 3004 791 3046 ut
807 2995 938 3061 diximus,
955 3003 1001 3047 est
1008 2997 1064 3049 cal·

15 3071 73 3124 lida
92 3078 124 3121 et
141 3067 253 3120 subtilis
270 3065 366 3117 oratio.
400 3058 435 3114 ¹In
455 3068 543 3115 armis
560 3064 697 3133 [autem‚]
715 3073 762 3116 aut
779 3065 847 3117 meis
862 3059 910 3131 lal.
929 3065 1062 3128 meorum)

16 3149 65 3193 aut
90 3138 265 3190 Latinorum
289 3135 415 3184 omnium
438 3135 611 3202 generaliter.
653 3135 706 3202 [Et
731 3135 823 3200 ultra,
846 3133 929 3185 modo
953 3142 1062 3206 tempus

16 3209 176 3280 significat,
202 3205 266 3257 alias
288 3203 401 3268 locum]
417 3214 453 3240 -'
486 3210 548 3260 412.
566 3204 597 3253 Si
621 3215 678 3252 tam
698 3203 799 3255 deserti
823 3220 940 3269 sumu-s,-
967 3205 1000 3271 [si
1023 3205 1064 3255 ita

16 3278 122 3342 valde,
156 3281 191 3327 et
213 3271 284 3337 hoc]
307 3281 422 3344 propter
444 3272 625 3335 Diomedem,
653 3271 702 3338 qui
730 3273 801 3347 salus
823 3272 933 3340 negavit
957 3270 1063 3325 auxilia.

17 3349 110 3416 [Ergo
134 3343 257 3406 deserti,
281 3342 315 3392 ab
341 3339 695 3413 auxiliis,.accipiendum.]
710 3345 841 3400 ·-'413·
859 3343 956 3408 Neque
982 3339 1064 3393 habet

13 3416 144 3486 fortuna
164 3428 341 3479 regressum3
366 3410 460 3461 omnia
478 3427 548 3480 quae
572 3411 624 3459 sibi
642 3416 755 3479 possunt
778 3408 876 3476 obiici,
898 3409 991 3481 ponit,
1015 3411 1063 3464 sed
1148 3432 1151 3437 ·

19 3501 87 3536 cum
106 3479 293 3532 solutionibus
304 3479 371 3530 suis.
404 3481 476 3531 Narn
495 3486 522 3531 et
544 3479 655 3529 fortuna
680 3487 795 3531 nonest
816 3479 1011 3531 immutabilis:
1036 3489 1064 3532 et

19 3554 68 3622 qui
86 3551 181 3603 semel
197 3542 322 3619 pellitur,
340 3550 441 3600 iterum
457 3550 487 3600 in
505 3546 641 3617 praelium
659 3556 748 3616 potest
763 3551 875 3601 reverti:
893 3557 921 3601 et
937 3549 972 3600 ab
990 3548 1063 3600 auxi·

18 3621 62 3674 liis
87 3635 150 3673 non
168 3625 234 3670 sunt
251 3618 358 3684 penitus
376 3617 512 3678 destituti,
539 3625 566 3668 et
589 3618 618 3668 in
634 3617 759 3684 ipsorum
778 3619 898 3669 exercitu
916 3627 956 3669 est
973 3617 1062 3669 adhuc
1129 3664 1131 3673 s

19 3689 182 3762 plurimum
200 3690 265 3757 spei.
299 3687 348 3737 Est
364 3694 455 3738 autem
469 3684 644 3754 syllogismus.
657 3713 691 3724 —
726 3691 787 3744 414.
801 3685 936 3754 [Oremus
949 3702 1061 3753 pacem,-

128 3764 229 3808 eutum
242 3754 277 3811 ab
289 3754 413 3806 honesto.
449 3755 731 3823 Dectrasaetendamus
746 3759 882 3820 inermes,
899 3754 1063 3808 felicitatem

24 3830 64 3880 rei
80 3825 178 3887 verbis
197 3822 349 3891 expressit]
365 3849 400 3861 -
434 3830 496 3882 415.
515 3825 688 3892 Quanquam
707 3843 722 3875 o
741 3833 807 3885 eto.;
824 3841 880 3875 non
898 3841 927 3876 se
944 3824 1062 3876 inertiae

26 3896 132 3963 arguit:
159 3894 210 3946 sed
227 3891 352 3960 queritur
369 3892 403 3945 de
419 3893 519 3944 virtue
532 3895 636 3961 ¹omissa
653 3893 927 3974 pernegligentiam.
961 3893 1009 3960 [Et
1024 3892 1062 3944 vi-

27 3964 104 4017 detur
120 3963 243 4015 voluisse
259 3960 365 4026 dicere,
389 3961 411 4012 si
433 3961 529 4014 solitae
552 3964 701 4044 qiiicquam
717 3961 825 4014 virtutis
848 3963 968 4023 adesset,
990 3976 1061 4012 nun-

30 4049 111 4102 qum
125 4033 165 4089 ad
183 4030 241 4097 hoc
263 4045 441 4111 cogeremur,
463 4032 512 4084 sed
533 4031 665 4104 rehqiut]
701 4031 727 4085 0
751 4040 862 4099 autem,
881 4028 1001 4084 doleatis
1023 4037 1067 4083 ast
1158 4041 1161 4047 ’
