2288 4514
57 312 61 321 ,
115 263 160 330 n
375 224 519 324 sarni
535 224 914 323 connhnrmms

116 420 235 501 caman
249 446 346 500 tunes
361 447 460 501 rueras
493 444 536 498 sn
552 443 583 526 ³¹².
598 444 688 516 primo
701 444 812 514 anau
837 445 1013 517 ueteranus
1035 458 1065 498 ,
1115 433 1132 523 j

17 572 25 591 x
117 517 275 589 diffundere
293 519 383 569 ventis
403 516 593 578 Venatriasa.
610 532 649 582 e,
673 513 751 582 quasi
773 516 956 569 venatrix.'-
988 521 1048 576 649.
1114 570 1115 574 ,

117 598 236 648 retrota3
258 585 436 654 participium
459 602 477 638 a
499 582 634 637 feminino
657 598 762 652 genere
784 584 946 641 derivatum.
984 585 1065 636 Unum
1130 611 1139 642 ς

115 661 175 706 tem
191 666 299 705 exserta
318 656 410 719 latus,
426 669 478 723 pro
496 663 635 704 assertum
653 653 730 702 latus
747 650 861 704 habens.
878 679 912 691 -
947 660 1009 713 650.
1024 630 1118 725 Dent(
1131 703 1139 718 ,Α

95 724 134 775 ·i.
152 741 177 775 e.
193 723 290 789 dense,
307 739 401 789 sparse
417 721 492 774 iacit.
525 720 594 772 Sane
613 721 761 772 densentur
779 721 871 788 plures
888 739 936 774 res
954 724 984 775 ia
1001 736 1083 786 tiator,
1103 717 1118 747 '‘
1138 721 1144 782 ζ

115 797 177 861 (12,
194 790 281 855 264.)ε
309 791 363 843 Vos
382 792 532 841 unanimes
551 791 819 857 densete2coterrtas,
843 782 874 840 et'
888 790 1054 858 dochnotor,
1076 817 1095 829 v*
1113 805 1114 808 ’

114 877 176 925 seo,
194 861 307 926 denses,
324 857 484 925 denset.]—
519 864 580 917 651.
597 857 761 926 indefesso,
778 857 965 927 infatigabilis.
999 860 1102 912 Eto
1137 867 1139 872 ’

86 922 89 935 ’
113 927 141 982 ei
166 941 244 979 arma
267 929 438 980 Amazonum
467 928 567 991 tradit,
597 942 664 992 quas
687 925 811 978 Titianus
841 928 1029 980 unimammas
1056 932 1140 981 roan

112 996 186 1049 Nam
201 997 256 1048 hoc
273 1005 314 1049 est
331 999 473 1061 Amazon,
489 995 565 1064 quasi
583 989 645 1047 ἄνευ
667 991 770 1062 palai,
790 995 859 1064 [sine
875 1013 1009 1048 mamma.
1042 995 1144 1065 rapta·

113 1068 161 1117 nis
178 1072 271 1118 autem
288 1065 404 1131 dicitur,
425 1065 499 1133 quod
515 1080 548 1116 ex
571 1071 688 1132 utraque
711 1071 791 1134 parte
814 1064 916 1118 habeat
931 1066 1045 1132 aciem,
1065 1062 1133 1135 qtna't

107 1135 179 1186 duas
202 1132 300 1202 pinnas
317 1149 384 1203 quar
407 1141 511 1186 veteres
535 1130 683 1196 dicebant]
700 1157 747 1195 ·-,ι
768 1136 828 1190 654.
846 1132 963 1200 Spicula
975 1132 1138 1204 fugientia

111 1217 163 1274 pro
182 1203 244 1269 ipsa
263 1202 392 1272 fugiens.
410 1207 452 1238 -‘
482 1205 544 1260 655.
562 1201 598 1252 At
616 1203 722 1252 circum
747 1202 834 1252 lectae
859 1206 990 1265 comites,
1016 1202 1119 1257 suba'
1139 1199 1144 1256 'ss

113 1272 267 1323 dtrnicants
298 1271 372 1339 quod
395 1269 489 1329 etiam¹
504 1285 618 1337 sequens
641 1271 814 1323 Amazonum
836 1270 941 1324 indicat
964 1272 1144 1341 comparato,

112 1356 184 1410 quae
210 1337 379 1390 inducuntur
407 1339 483 1389 circa
513 1338 640 1406 reginam
671 1339 742 1391 bella
765 1346 914 1392 tractantes
937 1341 991 1409 [ne
1018 1341 1141 1411 culpem

110 1413 208 1479 poeta,
237 1406 312 1475 quod
333 1406 439 1459 nullam
461 1422 558 1458 earum
581 1415 753 1477 pugnantem
775 1405 937 1472 induxerit]
977 1406 1135 1479 Larinaque

111 1480 193 1544 virgo
201 1495 211 1538 ,·
235 1474 349 1527 nomina
365 1476 433 1526 haec
450 1475 684 1529 nobilissimarum
701 1482 764 1527 sunt
780 1472 875 1528 Italiae
891 1477 1085 1541 seminarunt
1101 1472 1138 1549 [st

111 1556 236 1599 aeratam
251 1549 317 1613 ,prof
328 1544 470 1613 ferream,
499 1551 531 1594 ut
551 1548 599 1611 (7,
622 1544 717 1608 743.);
742 1542 833 1594 Miect
857 1561 956 1596 aereus
980 1545 1085 1614 ensis]
1105 1570 1137 1587 ···

110 1620 171 1673 657.
189 1612 321 1676 Italides,
344 1614 386 1680 [ut
401 1611 550 1679 Sicelides,
573 1613 748 1664 Atlantides:
778 1620 807 1666 at
826 1627 860 1666 ue
877 1614 1017 1666 sociarum
1035 1615 1139 1683 ducem,

111 1684 292 1745 timazonam
310 1679 391 1744 dicit,
413 1680 485 1733 velut
506 1681 700 1746 Amazonidas,
732 1689 774 1733 ut:
836 1684 894 1733 uait
918 1683 1136 1736 Amazonidum:

109 1757 139 1804 at
161 1748 212 1817 est]
255 1749 351 1807 nichra
374 1747 520 1815 derivatio,
548 1765 605 1802 non
627 1747 758 1818 [tantum]
781 1767 861 1802 vera:
888 1768 955 1803 nam
978 1766 1076 1806 verum
1097 1760 1137 1806 att

107 1819 202 1874 Italiae
220 1766 336 1885 (halae).
371 1818 453 1869 Italis
470 1826 579 1882 autem,
602 1819 673 1870 unde
691 1825 732 1869 est
748 1816 882 1886 Italides,
905 1819 996 1888 magia
1010 1829 1135 1890 patrony-

108 1889 215 1941 micum
232 1896 288 1952 ost,
324 1903 388 1939 uam
405 1887 599 1951 derivativum,
615 1887 685 1938 sicut
702 1887 794 1952 Belia,
810 1888 883 1940 unde
897 1896 942 1941 est
958 1889 1086 1957 Belides,
1099 1892 1138 1961 [at

108 1967 149 2014 est
165 1903 325 2019 Graecumii
360 1955 440 2022 Quas
466 1956 528 2019 ipsa
546 1956 646 2021 aaran
663 1963 700 2007 'et
723 1955 758 2006 ad
782 1955 915 2022 delectas,
937 1965 965 2010 et
989 1956 1026 2010 ad
1049 1959 1060 2010 i
1079 1974 1137 2013 sato.

8 2063 11 2067 ,
107 2033 198 2098 potest
213 2024 323 2076 referri.
357 2023 452 2073 Decus
469 2031 577 2088 autem,
594 2023 617 2075 si
634 2023 668 2077 ad
685 2023 850 2090 Camillam,
865 2025 1039 2108 nobilitas‚p
1068 2028 1134 2081 chri·

106 2094 189 2145 tudot
211 2091 235 2142 si
256 2090 292 2142 ad
310 2090 445 2157 delectas,
469 2096 678 2157 ornamentum,
701 2093 737 2161 [i.
754 2091 789 2156 a]
806 2109 873 2161 quas
890 2095 942 2146 sibi
959 2094 1045 2163 elegit
1061 2112 1135 2149 orna-

106 2169 243 2222 mentum,
258 2159 277 2211 i.
292 2176 315 2210 a.
332 2160 367 2211 ad
385 2167 588 2213 ornamentum.
622 2159 682 2212 Dia
698 2161 836 2227 Camilla;
854 2178 1003 2230 generosa:
1021 2158 1135 2235 siparis.

106 2232 180 2284 Nam
197 2227 337 2278 Graecum
355 2235 409 2290 est,
432 2229 509 2281 cuius
533 2229 653 2282 nominis
676 2230 872 2298 etymologiam
895 2231 1021 2302 plerique
1046 2235 1137 2287 voluat

105 2299 199 2352 venire
217 2290 272 2348 sind
288 2292 338 2348 roi
354 2292 433 2352 Ato's:
457 2297 530 2367 quod
548 2297 570 2350 si
587 2296 648 2366 [sic]
667 2305 721 2364 est,
745 2297 881 2365 dicemus,
904 2300 1051 2354 dissentire
1069 2302 1136 2355 deri·

105 2368 245 2421 rationem
262 2381 279 2416 a
295 2365 505 2435 principalitate.
539 2366 612 2417 Nam
630 2367 695 2432 dia,
713 2366 745 2416 di
762 2368 903 2436 producit,
920 2383 984 2418 cum
1001 2364 1135 2425 dedecor·

105 2437 204 2508 ripiat:
225 2433 294 2484 sicut
311 2452 327 2485 a
351 2442 464 2501 eontra,
486 2450 551 2485 cum
576 2435 625 2485 lua
644 2436 674 2485 lu
698 2435 845 2504 producat,
870 2438 985 2487 lucerna
1003 2439 1035 2488 lu
1054 2439 1135 2493 corri-

105 2506 154 2574 pit.
169 2530 204 2542 -
237 2507 298 2560 658.
317 2500 451 2570 Pariaque
466 2505 564 2568 lonae,
581 2504 700 2570 bellique
719 2506 883 2568 ministros,¹
900 2520 1058 2573 congruum
1074 2508 1136 2579 paci

106 2573 248 2643 epitheton
265 2569 354 2636 dedit,
376 2579 407 2621 ut
430 2588 492 2624 earn
517 2571 620 2626 bonam
645 2572 764 2637 diceret,
786 2589 851 2623 cum
877 2571 981 2626 bellum
1003 2585 1136 2629 econtra

104 2645 139 2695 sit
156 2639 329 2712 pessimum.¹
349 2639 422 2691 Nam
444 2641 503 2691 sine
527 2639 611 2691 dubio
636 2648 664 2693 et
689 2641 755 2691 belli
779 2643 857 2692 saevi
874 2641 992 2707 diceret,
1015 2644 1041 2695 si
1064 2645 1136 2698 ratio

103 2727 197 2766 versus
214 2707 388 2759 admitteret:
412 2708 537 2777 [quidam
554 2711 659 2760 bonum
675 2709 819 2773 interdum
842 2726 893 2777 pro
911 2713 1018 2779 grandi
1035 2714 1136 2783 accipi·

104 2787 163 2836 unt.
202 2775 327 2844 Bellique
351 2778 516 2841 ministras,
539 2777 663 2831 nonnulli
688 2780 836 2829 ministras
851 2782 945 2837 ,modo
970 2780 1134 2837 adhellurn

103 2846 211 2902 tannim
227 2843 329 2901 referri
345 2845 446 2911 volunt,
463 2845 580 2913 ideoque
598 2845 822 2898 coniunctionem
838 2846 990 2915 incongrue
1007 2851 1137 2919 positam,

103 2925 133 2971 et
149 2914 276 2967 ordinem
292 2929 363 2965 esse:
382 2914 465 2965 decus
482 2916 577 2982 pacis,
595 2926 620 2965 et
638 2916 786 2965 ministras
804 2916 879 2967 belli.
913 2916 1020 2969 Poterit
1035 2927 1065 2971 et
1080 2920 1134 2974 ita:

124 3002 176 3035 uas
193 2983 251 3035 sits·
268 2983 354 3033 decus
370 2983 471 3051 delegit
488 2984 637 3035 ministras
655 2984 744 3034 bonae
761 2986 840 3050 pacis
858 2995 883 3036 et
900 2984 988 3049 belli]
1003 3010 1038 3024 -
1072 2994 1133 3048 659,

103 3003 209 3122 buclae
223 3049 385 3114 Threiciae,
403 3052 504 3105 Tanais
520 3050 619 3102 fluvius
636 3058 676 3101 est
693 3051 741 3118 qui
757 3060 866 3123 separat
881 3053 975 3105 Asiam
992 3054 1028 3106 ab
1046 3050 1135 3109 Euro-

76 3132 155 3192 pa,
179 3118 253 3170 circa
271 3135 355 3189 quem
378 3128 460 3174 antea
477 3122 627 3174 Amazones
648 3118 850 3174 habitaverunt.
884 3121 961 3174 Unde
984 3139 1014 3175 se
1036 3135 1134 3194 postea

102 3191 139 3250 ad
162 3185 370 3241 Thermodonta
396 3188 512 3242 flurium
537 3187 673 3240 Thraciae
695 3190 902 3242 transtulerunt.
944 3190 1024 3259 Quod
1048 3194 1134 3251 etiam

102 3255 242 3314 Sallustius
265 3262 398 3319 testatur,
419 3257 526 3310 dicens:
551 3256 628 3308 Dein
647 3259 739 3323 campi
764 3256 891 3310 Threissi
915 3261 956 3328 (V.
975 3259 1134 3332 Themiscy.

104 3330 155 3393 rei,
169 3322 494 3391 ut'hraerrevncyres,
511 3329 571 3379 Vos.
581 3326 792 3393 Trenisorrrei5
810 3328 925 3382 Guelfd.
941 3327 1026 3380 tlt’nis
1041 3337 1134 3401 cyrei,⁸

102 3395 194 3454 Gueli.
210 3393 243 3445 11.
260 3391 362 3445 thrones
381 3396 486 3463 eyter),
510 3413 580 3464 auos
597 3395 718 3449 habuere
735 3395 904 3462 Amazones,
929 3417 946 3451 a
966 3397 1133 3470 Tanaiflu-

104 3467 178 3518 mine
198 3463 334 3516 intertum
352 3478 438 3529 quam
456 3465 488 3515 ob
508 3481 624 3517 causam
638 3465 669 3516 di
690 3480 789 3514 restae.
823 3467 888 3534 [Has
906 3465 1022 3535 quidam
1036 3469 1132 3523 dicunt

102 3541 173 3588 stato
205 3530 250 3585 die
281 3530 372 3580 solitas
394 3528 506 3583 Sinthiis
536 3534 621 3584 coire.
666 3481 815 3593 §lamium
846 3552 895 3605 pro
921 3536 1055 3602 flumine,
1084 3550 1133 3594 aut

102 3597 229 3663 ssusam}
263 3597 509 3662 'l‘lsermodoontis;
526 3599 641 3667 plenum
657 3608 697 3652 est
715 3600 916 3669 Thermodoon,
932 3605 980 3656 sed
998 3621 1048 3675 per
1066 3606 1130 3676 Syn·

103 3667 210 3727 aeretin
228 3665 403 3719 Thermodon
427 3669 501 3720 iacit.
536 3667 613 3720 Unde
637 3670 693 3720 don
716 3670 926 3724 circumflexum
949 3673 1065 3726 habebit
1087 3693 1130 3730 ao·

103 3738 240 3793 contum'
257 3736 366 3789 Graeca
389 3737 465 3787 enirn
482 3735 597 3789 nomina
612 3753 725 3793 necesse
748 3747 801 3803 est,
825 3749 855 3791 ut
871 3741 1135 3813 circumflectanoa,

105 3804 231 3893 quotiens
254 3803 286 3855 nt
307 3803 462 3872 synaeresis
485 3805 609 3869 erigente
637 3805 721 3879 metri
745 3808 862 3874 [ratione
887 3808 943 3875 vel]
963 3815 1132 3868 necessitate.

104 3877 179 3938 hrgo
195 3871 218 3923 si
234 3872 270 3925 sit
287 3871 494 3938 Thermodoon,
518 3874 554 3924 do
571 3883 683 3926 acutum
705 3875 823 3928 habebit
836 3886 998 3933 accentum:
1019 3884 1133 3949 quodsi

106 3940 281 3995 Thermodon
297 3943 411 4005 iecerit,
436 3951 464 3995 et
480 3943 510 3993 in
526 3941 638 3995 smalem
653 3946 832 4010 transfertur,
855 3955 882 3998 ot
899 3956 1021 3999 mutatur
1037 3968 1132 4005 accen·

103 4019 155 4065 rus.
188 4009 261 4077 Natu
276 4009 467 4067 circumflente
483 4010 522 4065 fit.
538 4036 572 4051 κ·-
606 4017 670 4075 (500¹
684 4011 818 4080 Palmam
840 4016 961 4082 Ennius,
975 4017 1010 4072 ad
1027 4034 1133 4077 musas:
