2288 4514
275 278 336 341 ao
357 276 528 341 neuun.
552 284 590 367 7,
614 282 812 365 sar-oss.
988 283 1054 346 sss

63 476 99 513 u
119 458 273 519 necessaria
300 473 328 517 et
350 464 410 517 sine
428 463 577 517 intervallo
600 461 723 530 agebant
738 500 745 515 .
761 499 793 518 ..
824 461 969 515 Contraria
993 469 1057 514 sunt

61 534 166 586 nitiva.
202 533 256 601 Qui
272 533 398 586 studendi
421 532 592 602 propositum
615 533 714 597 habet,
737 540 766 585 et
787 530 853 599 huic
875 533 917 584 rei
940 532 1057 583 attendit

62 606 170 671 prium
193 602 330 655 studimn:
353 618 387 653 ex
408 604 551 654 contrario
571 640 577 652 .
596 639 603 651 .
624 639 630 652 .
648 619 711 653 r..
729 640 735 652 .
760 608 789 652 at
810 606 858 651 aut
874 601 977 669 aliquid
993 602 1056 664 tale,

64 672 160 725 tseiva
183 686 270 743 opera
293 671 401 727 dicitur.
442 670 522 721 Nunc
546 671 599 721 hoo
616 671 696 721 dicit:
719 670 777 720 Hoc
800 678 907 721 tantum
933 685 997 737 agas
1022 684 1055 721 ex

61 754 127 791 mo.
151 766 188 779 -·
228 748 290 799 337.
315 740 382 791 Tibi
406 742 523 791 nomino
548 740 640 803 mille;
663 739 835 791 Haterianus.
876 739 985 791 Nomen
1008 738 1054 789 hic

61 820 71 881 t
100 810 175 862 facie
198 810 335 881 positum,
358 816 389 858 ut
412 810 442 860 in
457 809 499 859 .11.
517 809 614 870 (557.):
638 810 713 859 Iacet
735 808 831 875 ingens
848 808 928 859 litore
942 814 1054 858 trunuus

67 888 102 929 u
118 896 144 929 c.
161 885 198 931 et.
213 894 235 929 a.
251 896 284 929 n.·
296 896 319 930 c.
337 893 388 946 pro
406 914 413 928 .
431 914 462 929 ..
489 877 594 927 Sensus
619 885 659 928 est
681 876 757 929 talis:
781 876 846 927 Tibi
870 876 945 927 mille
962 876 1054 939 iacies,

61 938 102 999 tls
125 947 164 999 ad
185 947 350 999 nocendum.
364 955 450 1011 artes,
472 945 532 998 ie.
555 946 585 995 in
608 946 714 996 nullam
737 960 793 995 non
817 945 918 996 faciam
935 944 1052 995 nocendi

61 1026 106 1067 m
122 1052 132 1069 .
148 1052 157 1069 .
174 1051 181 1067 .
200 1016 261 1067 Huc
275 1016 343 1068 illud
361 1031 470 1083 quoque
487 1016 652 1081 suffragetur
670 1020 730 1082 (12,
748 1013 835 1075 691-):
857 1014 940 1064 Verte
957 1028 1054 1065 omues

61 1084 127 1139 kin
144 1084 236 1137 facies.
255 1110 289 1121 -
323 1089 385 1141 341.
401 1084 471 1135 Exin
488 1092 554 1143 etc.;
570 1086 663 1152 Asper.
696 1082 801 1133 Statim.
833 1082 907 1132 Haec
924 1084 983 1133 sine
1000 1082 1056 1133 ulla

61 1150 159 1217 tionis·
176 1152 385 1220 intercapedine
408 1152 611 1219 pronuntianda
636 1159 712 1215 erint,
742 1151 807 1218 quja
836 1166 1055 1217 υωᾳοπροσωπον
1126 1209 1129 1217 Ι

61 1216 960 1357 'latitudiuisitt{ultimiiiimlts‘zl‘sttt‘
973 1220 1055 1356 iiii)

61 1306 72 1340 .·
455 1309 461 1338 ι
585 1298 617 1354 7,
672 1310 714 1345 0..
882 1307 895 1338 r
917 1307 936 1337 u
1038 1326 1044 1338 .

62 1360 134 1429 pido
158 1360 244 1411 matri
268 1374 325 1410 non
346 1358 496 1425 respondit.
543 1358 580 1408 Et
610 1356 755 1425 gorgoneis
780 1305 889 1410 venedis
920 1357 1055 1409 infectam
1077 1372 1081 1379 ·

61 1428 154 1495 urive,
170 1443 228 1480 non
245 1430 379 1495 quonium
397 1426 535 1495 Gorgonis
551 1442 654 1495 angues
670 1426 790 1492 habeat,
812 1427 859 1477 sed
877 1428 1008 1494 quoniam
1025 1435 1056 1479 et

61 1512 137 1567 ugos
160 1496 334 1567 serpentibus
359 1504 467 1547 armata
490 1495 591 1546 fuisset
616 1522 649 1531 —
674 1531 957 1547 ............
991 1500 1053 1553 cute.

61 1578 177 1635 osquam
194 1572 260 1625 etos
276 1564 424 1633 quinquae)
440 1566 565 1631 reginam
584 1563 709 1631 primum
724 1563 855 1627 incendit,
871 1563 969 1615 deinde
984 1564 1054 1615 Tur·

61 1650 110 1701 m,
135 1650 199 1687 mor
214 1648 295 1685 canes
311 1634 371 1685 Iuli.
390 1648 422 1671 ¹·-
456 1637 518 1689 412.
535 1634 570 1682 Es
588 1650 664 1681 nunc
682 1640 747 1693 etc.;
774 1632 827 1682 hoc
844 1632 909 1682 dicit
931 1634 1054 1684 referens

84 1720 136 1757 sua
156 1712 300 1771 tempore3
329 1702 432 1755 retinet
453 1700 563 1769 quidem
588 1718 692 1751 nomen
715 1701 821 1763 adhuc,
843 1702 890 1753 sed
914 1702 1055 1753 fortunam

61 1768 149 1827 imam
172 1772 292 1840 estiterit
316 1782 401 1821 aetas.
418 1796 453 1807 -
493 1776 554 1826 419.
579 1770 626 1819 Fit
649 1770 785 1837 Cholyhe3
889 1769 983 1819 similis
1005 1770 1054 1821 illi.

61 1841 95 1897 sle
119 1850 162 1895 est
177 1839 245 1893 iilud
267 1844 311 1907 (5,
327 1840 416 1901 620·);
440 1840 483 1890 Fit
499 1838 586 1889 Beroe
603 1838 700 1889 Tmari
719 1838 835 1889 coniunx
851 1836 983 1904 longaeva
999 1836 1055 1889 Do·

61 1910 103 1963 cli.
127 1938 162 1949 -
186 1948 193 1961 .
217 1948 225 1961 .
249 1946 255 1959 .
279 1942 287 1958 ·
312 1938 418 1965 ...ψ
435 1945 442 1958 ·
460 1946 467 1959 ·
485 1942 516 1957 ··
550 1912 613 1965 485.
637 1907 814 1975 Tyrrhusque
839 1914 933 1974 pater;
961 1908 1055 1975 Asper.

61 1980 140 2033 triten
156 1976 258 2045 Tyrrhi
282 1977 331 2043 (cf.
348 1977 439 2029 Aurei.
455 1977 523 2028 Viet.
543 1976 621 2043 Orig.
638 1992 664 2041 g.
682 1976 716 2027 R.
736 1982 776 2033 16.
799 1975 910 2043 Dionys.
926 1975 1015 2027 Helio:
1032 1983 1055 2039 1,

61 2050 79 2111 .)
100 2048 138 2101 ab
155 2046 297 2099 Historiois
320 2048 410 2097 traxit.
444 2044 583 2113 Tyrrhum
606 2046 682 2095 enim
706 2045 783 2097 aiunt
806 2044 887 2095 fuisse
911 2051 1054 2112 pastorem

61 2124 91 2169 ut
107 2113 193 2187 quim
209 2116 335 2165 Lauinis
347 2110 458 2165 'delituit
476 2122 537 2163 tum
554 2116 622 2181 qum
639 2114 786 2166 Ascanium
809 2114 909 2163 timens
931 2115 1003 2179 sugit
1025 2114 1056 2165 in

61 2202 111 2239 sas.
130 2210 134 2217 ·
151 2186 204 2236 Hic
228 2182 320 2234 Latini
341 2182 435 2234 vilicus
457 2182 577 2233 traditur
600 2182 690 2235 fuisse.
715 2209 748 2219 -
788 2184 851 2238 489.
877 2182 1055 2247 Peotetarque

61 2272 136 2324 mm5
159 2253 272 2321 Longus
289 2289 297 2303 .
314 2290 321 2303 .
338 2288 346 2303 .
362 2269 381 2303 n
400 2288 406 2303 .
425 2251 623 2302 ..admodum
648 2252 677 2303 in
701 2251 898 2303 consuetudine
921 2250 1056 2319 intellegis
1098 2258 1103 2273 ¹

61 2342 77 2378 r.
111 2324 210 2401 Neque
227 2320 304 2373 enim
319 2326 429 2441 poterat
445 2334 503 2371 esse
519 2321 608 2383 ferus,
625 2319 660 2372 de
677 2336 732 2389 quo
749 2336 834 2387 supra
853 2320 941 2369 disis:
960 2321 1056 2372 adsue-

61 2410 84 2445 ω
107 2391 247 2463 imperim
270 2397 299 2441 et
341 2404 422 2443 erum
445 2388 629 2439 communiter
652 2406 670 2440 a
693 2427 750 2442 ...
774 2396 883 2459 oportet
904 2386 1054 2455 figuratum

61 2466 149 2529 ripere
165 2496 175 2511 .
190 2494 224 2529 ...
240 2474 340 2511 ranam
364 2457 422 2509 iam
446 2476 504 2509 non
522 2457 558 2506 od
580 2469 712 2509 naturam
732 2460 821 2511 refert
841 2457 981 2524 animalis,
1004 2460 1052 2511 sed

74 2544 192 2587 mortun
208 2526 387 2597 qualitatem,
407 2526 431 2577 si
446 2535 542 2578 tamen
560 2526 668 2579 dicendi
684 2526 794 2579 suntin
810 2526 876 2577 feris
893 2542 1000 2593 mores,
1026 2537 1054 2581 et

61 2617 101 2653 sc
120 2636 127 2651 .
145 2635 153 2650 .
171 2635 179 2649 .
194 2612 251 2649 non
268 2604 310 2648 est
325 2634 334 2649 .
350 2634 357 2649 .
375 2634 382 2647 .
400 2596 422 2646 si
438 2597 498 2648 fera
515 2595 607 2647 cibum
626 2632 633 2646 .
651 2633 658 2646 .
676 2632 683 2646 .
700 2598 792 2648 lerum
810 2597 948 2663 quomodo
972 2598 1051 2651 etde

61 2686 96 2723 uo
121 2668 152 2721 in
170 2666 308 2725 .11.·‹st·):
329 2666 416 2733 Inque
436 2665 488 2717 ieri
506 2680 617 2714 curvam
634 2664 814 2735 compagibus
836 2664 926 2714 alvum
942 2672 1054 2719 contor-

61 2763 119 2789 .-
153 2732 287 2793 sculdic
311 2747 384 2785 torre
408 2744 552 2798 ormotus3
577 2750 629 2783 cur
652 2734 691 2785 ita
712 2736 812 2785 armati
829 2733 953 2798 veniunt,
977 2743 1053 2787 ante-

61 2824 108 2871 um
124 2802 216 2857 sciam
230 2802 295 2871 quid
311 2810 425 2873 propter
442 2800 604 2853 armentur?
627 2804 692 2870 quia
714 2801 846 2854 auxilium
862 2800 943 2854 Silvia
966 2811 1053 2871 vocet,

61 2882 132 2941 giren
158 2872 353 2925 intellexerunt
375 2888 404 2923 se
427 2870 532 2923 arnmri
560 2869 687 2923 debere?
711 2899 743 2909 -
842 2904 1049 2925 .........

61 2948 80 3005 Ι’.
96 2944 236 3007 Caeam,-
252 2940 434 2993 temerarium
450 2939 609 3006 inprobum.
623 2966 655 2976 -
689 2947 750 2998 605.
770 2937 963 3003 Hyrcanum
981 2958 1052 3009 gens

83 3010 224 3083 Scythium
262 3009 384 3061 Artificio
408 3016 552 3062 enumerat
574 3008 680 3073 hostes,
705 3017 737 3059 ut
760 3008 850 3059 veniat
872 3008 907 3058 ad
929 3010 1052 3063 Parthos.

80 3080 196 3145 indos3'
215 3078 296 3131 Indos
312 3078 387 3130 enim
403 3080 546 3144 Augustus
565 3116 571 3129 .
587 3116 595 3128 .
614 3116 620 3127 .
637 3079 692 3129 avit
715 3074 905 3142 (superauit?)
923 3104 956 3115 -
989 3086 1052 3139 605,

61 3150 198 3216 tritosque
212 3162 358 3215 ,reposcere
383 3148 483 3213 sigum
508 3163 577 3215 quiae
595 3146 702 3197 Licinio
719 3146 817 3198 Crasso
842 3146 986 3199 interiecto
1009 3150 1052 3201 iu-

61 3224 200 3289 eeperant
220 3216 322 3269 Parthi.
355 3216 431 3267 Haec
449 3250 456 3264 .
473 3250 480 3265 .
499 3254 505 3266 .
523 3218 664 3283 Augustus.
698 3216 783 3265 Huius
806 3215 871 3267 sacti
893 3216 968 3269 uitae
990 3222 1054 3283 (no-

61 3290 110 3352 22)
130 3292 377 3354 repraesententur
392 3285 423 3335 in
439 3300 505 3335 arcu
521 3286 569 3352 qui
593 3292 634 3337 est
654 3284 730 3335 iuxta
746 3284 843 3336 eedem
860 3284 914 3335 divi
931 3286 1000 3339 Iulii.
1018 3314 1052 3325 -

61 3356 181 3419 p,-Sunt
203 3356 332 3423 geminos
354 3353 421 3405 hetti
443 3365 554 3420 portos,⁸
573 3390 580 3404 .
598 3391 629 3404 ..
657 3352 752 3403 Numa
773 3352 922 3418 Pompilius
945 3356 1050 3410 inimo

61 3426 149 3498 pileto
166 3463 173 3475 .
189 3462 221 3475 ..
245 3424 293 3475 ino
313 3422 435 3475 iudicem
458 3423 532 3489 pacis
556 3430 583 3474 et
606 3422 678 3473 belli.
712 3423 791 3472 Hunc
812 3422 949 3474 Pholisois
966 3426 1052 3496 captis

63 3494 222 3549 nstulersmt
233 3490 360 3561 Romdni.
397 3490 472 3541 Dim
487 3506 554 3557 ergo
571 3508 665 3543 verum
684 3498 712 3542 et
723 3490 863 3543 Laurento
879 3492 961 3543 fuisse
977 3495 1052 3545 hono

61 3562 250 3619 :suetudinem
274 3598 332 3613 ...
359 3560 453 3611 Numa
473 3560 623 3628 Pompilius
646 3559 664 3611 d
687 3595 744 3611 ...
767 3560 841 3611 hunc
865 3598 923 3612 ...
945 3562 999 3613 fuit
1020 3564 1050 3615 in

61 3651 100 3687 se.
133 3628 272 3681 Secundus
287 3628 408 3681 Manlius
424 3630 581 3697 Torquatus
597 3666 605 3681 .
621 3666 628 3682 .
647 3668 654 3681 .
677 3630 818 3681 mensibus
842 3638 903 3680 octo
927 3630 958 3681 in
981 3647 1050 3700 pace

63 3710 82 3753 t.
117 3698 228 3752 Tertius
244 3699 379 3765 Augustus
399 3696 544 3767 relligione
567 3714 623 3749 non
640 3698 736 3763 hostiis
758 3698 843 3750 caede
863 3699 910 3750 sed
933 3699 1050 3752 observa
1129 3760 1132 3765 ¹

72 3806 82 3823 .
98 3786 153 3821 ena
174 3774 266 3818 tutum
289 3772 339 3817 est.
355 3792 390 3801 -
414 3801 719 3819 .............
750 3773 814 3826 665.
837 3767 872 3817 Et
893 3769 973 3817 tereti
995 3786 1048 3833 pu-

61 3850 115 3889 nm
126 3852 274 3901 mucrona,-
290 3835 419 3887 dolonem
432 3836 574 3905 significat.
603 3836 673 3889 Dolo
684 3835 770 3904 igitur
783 3836 886 3905 gladius
900 3836 1048 3889 acutissimi

63 3908 226 3961 tenuissimi
235 3904 314 3973 ferri
330 3942 337 3953 .
351 3940 358 3955 .
374 3941 382 3953 .
400 3920 451 3972 per
463 3920 558 3957 verum
571 3905 707 3957 sabelium
721 3906 784 3973 pila.
819 3904 891 3969 Quid
902 3906 941 3955 ita
954 3914 1048 3958 autem

61 3976 139 4027 ¹illos
160 3976 263 4028 amavit
286 3975 429 4041 (armon),
453 3973 545 4024 nisisi
562 3975 617 4024 vult
632 3974 711 4027 illum
728 3972 893 4025 Samnitibus
910 3990 968 4024 essa
986 4010 994 4023 .
1010 4011 1019 4025 .
1037 4014 1045 4027 .

61 4044 134 4097 lones
155 4056 223 4095 nam
245 4042 343 4111 ligneis
364 4040 477 4109 caputia
582 4062 616 4080 ἡ
654 4048 719 4103 681.
744 4042 900 4108 cocenim,-
922 4042 993 4097 Cato
1015 4042 1046 4097 in
1121 4058 1124 4065 ·
