2424 4506
140 290 203 365 ,42
413 287 551 351 suavis
575 287 929 369 conuenrnarus

158 472 241 526 totius
257 472 314 539 rei,
336 481 365 526 et
380 471 530 545 praecipue
546 475 705 527 sacrationis
722 475 796 528 aliud
812 490 896 541 agens
921 477 1001 543 polita
1017 474 1191 529 mentionem

81 539 97 561 ²
157 543 272 597 inseruit
289 543 393 596 dicens:
417 543 469 592 hoc
493 546 660 612 quicumque
678 562 790 595 socrum
809 546 926 595 violarit
942 547 1056 596 vulnere
1079 556 1197 613 corpur,

160 612 232 664 Tros
256 613 378 663 Italusue
403 612 474 663 milri
500 615 606 679 pariter
632 614 677 663 det
701 615 842 680 sanguine
866 629 996 679 poenos,·'
1019 613 1091 665 hene
1121 608 1195 680 ergo'

157 681 228 732 sicut
244 682 348 732 dictum
367 688 420 745 est,
443 681 575 746 violarit,
599 682 665 749 quia
687 681 792 732 dixerat
809 681 941 746 sacrum]
959 710 995 718 -
1024 686 1098 750 *592
1116 679 1189 745 Tros

158 749 283 800 Italusue
302 749 386 810 milri3
409 749 431 799 si
454 749 614 818 simpliciter
640 751 819 817 accipiamus,
841 751 881 801 ita
903 750 1105 817 intelligamini
1130 748 1190 801 Siue

159 820 222 875 edm
240 819 375 870 Troianus
391 817 580 883 interemerit,
596 818 650 869 sive
668 819 765 897 aliiyuis
783 819 817 869 de
831 820 938 870 Aeneae
955 819 1068 869 auxiliis.
1103 813 1190 868 Nam·

159 903 214 955 que
231 887 278 942 alii
294 887 400 952 volunt,
425 888 559 944 Aruntem
583 885 615 938 de
634 887 722 937 Turni
747 887 828 938 luisse
851 887 989 957 partibus,
1012 894 1040 936 et
1062 885 1190 954 indigna·

156 963 227 1021 tum,
242 955 394 1007 femineum
411 971 504 1005 sexum
522 955 628 1022 plusin
646 955 718 1006 bello
736 955 864 1024 potuisse,
882 971 966 1024 quam
983 954 1062 1005 viros.
1098 953 1190 1023 Quam

63 1026 71 1035 ’
158 1031 222 1078 rein
237 1024 283 1076 hic
300 1024 394 1075 dicunt
410 1023 595 1093 perstrinxisse
612 1024 773 1090 Virgilium:
801 1030 829 1074 et
844 1040 876 1076 re
893 1041 957 1074 vera
973 1023 1012 1073 sic
1028 1022 1134 1089 ubique
1151 1022 1189 1075 l⁰·.

157 1092 259 1159 quitur,
275 1101 306 1143 ut
322 1092 459 1143 incertum
475 1092 518 1157 sit,
535 1093 622 1143 Aruns
640 1093 673 1143 de
691 1094 766 1143 cuius
784 1091 908 1162 partibus
923 1091 1015 1143 fuerit.
1049 1090 1129 1142 Unde
1148 1094 1197 1159 est,

95 1200 98 1205 .
158 1169 187 1221 et
208 1160 275 1212 illud
298 1160 407 1227 (789.):
436 1160 484 1210 Da
508 1172 586 1226 pater
610 1160 661 1212 lsoc
687 1163 792 1214 nostris
816 1162 923 1212 aboleri
946 1161 1063 1213 dedecus
1089 1161 1190 1225 armis.

156 1228 280 1284 Pariter:
297 1227 439 1295 similiter,
455 1244 510 1280 uno
528 1229 620 1280 modo.
653 1230 690 1281 Et
706 1237 748 1280 est
765 1228 916 1296 antiquum.
950 1230 1071 1296 [t‘iautua
1088 1227 1117 1278 in
1136 1228 1189 1279 stu-

156 1296 217 1352 tut:
234 1297 333 1349 Filium
346 1298 449 1365 pariter
465 1296 624 1363 moratum]
638 1322 671 1336 -
706 1303 766 1354 593.
785 1298 967 1348 Miserandae
983 1313 1101 1362 corpus,·
1118 1295 1192 1348 haec*

156 1366 187 1418 in
205 1366 371 1418 'oeconomia
398 1366 568 1434 praeiudicia
590 1366 784 1430 nominantur,
814 1367 939 1434 quotiens
967 1364 1073 1433 negotii
1102 1361 1189 1417 nitori

156 1434 240 1487 exitus
257 1435 368 1486 tollitur.
403 1436 464 1486 Vult
481 1435 572 1500 enim,
595 1450 644 1484 nos
668 1433 701 1485 de
719 1431 852 1486 Camillae
876 1435 1007 1486 cadavere
1031 1432 1104 1486 nihil
1119 1432 1189 1483 ulte·

147 1503 213 1567 'rjus
231 1511 389 1573 expectare,
410 1503 479 1554 sicut
496 1504 561 1554 iecit
577 1503 606 1553 in
623 1503 714 1571 primo
733 1503 828 1570 (obibit
854 1503 898 1552 Tu
910 1502 1018 1569 sociem
1037 1502 1120 1552 illius
1140 1517 1189 1551 no·

157 1583 224 1621 ctem
243 1590 300 1623 uon
318 1572 440 1639 amplius
460 1590 545 1623 unam
562 1571 639 1622 Folle
658 1573 730 1624 dolo.
772 1570 852 1640 Quod
875 1571 1058 1638 praemissum
1081 1568 1201 1630 sustulit,

156 1641 466 1705 commemorationem,
488 1641 597 1709 quando
619 1640 662 1691 vel
679 1640 785 1708 Cupido
810 1640 976 1705 discesserit,
999 1638 1042 1690 vel
1057 1635 1188 1689 Ascanius!

155 1708 191 1758 sit
206 1725 337 1762 reversus.
354 1737 389 1748 -
423 1714 483 1767 594.
500 1711 584 1761 Arma
604 1710 772 1774 inspoliata,-
790 1716 838 1759 aut
853 1709 1022 1770 indetracta,
1037 1715 1089 1760 aut
1103 1704 1188 1774 ipsius

154 1776 315 1848 inspoliatae
333 1779 485 1846 [Camillae.
520 1779 683 1843 Putrioeque
703 1795 849 1844 reponam,
873 1778 926 1828 hoc
944 1777 1030 1828 estin
1046 1768 1195 1846 patriam-J·

154 1871 190 1882 -
225 1853 284 1905 596.
301 1845 392 1914 Nigro
412 1849 585 1898 circumdata
609 1849 721 1898 turbine
740 1863 856 1913 corpus3
883 1847 946 1912 [hoc
969 1843 1042 1909 ideo]
1068 1847 1135 1914 quia
1152 1840 1187 1892 ad

155 1930 314 1969 moerorem
329 1916 488 1984 luctumque
505 1915 654 1969 descendit.
688 1916 791 1969 Contra
807 1914 837 1969 tn
855 1924 949 1967 octavo
968 1915 1068 1979 (609),
1085 1914 1135 1968 ubi
1153 1906 1194 1969 id·

152 1984 288 2038 laetitiam
305 1983 445 2036 descendit
460 1986 567 2047 Venus,
591 1983 666 2035 claro
684 1992 747 2035 'eam
771 1982 867 2034 nimbo
886 1983 1088 2035 circumdatam
1104 1979 1186 2035 dicit:

154 2059 199 2107 ut:
222 2052 256 2102 A:
277 2052 370 2102 Venus
389 2052 526 2102 aetherios
545 2055 618 2104 inter
635 2051 686 2100 dea
712 2053 834 2104 condida
854 2053 973 2102 nimbos.
990 2077 1025 2087 -·
1059 2056 1121 2111 597.
1139 2048 1187 2117 [At

155 2139 258 2176 monus
276 2123 398 2180 interea3
420 2120 450 2171 in
466 2127 524 2173 tota
541 2120 593 2172 hac
611 2121 796 2188 descriptione
813 2121 976 2172 historicum
994 2119 1187 2172 characterem

154 2189 261 2261 poetico
285 2187 401 2256 miscet]
424 2215 459 2229 α-
505 2194 566 2246 598.
588 2189 754 2255 Etruscique
780 2192 879 2254 duces,-
903 2189 1015 2240 Etruria
1039 2189 1121 2239 dicta.
1139 2193 1188 2251 est,

153 2259 228 2326 quod
244 2258 302 2313 eius
319 2257 386 2309 sines
401 2256 586 2324 tendebantur
604 2259 648 2320 (al.
666 2258 761 2319 renel.)
779 2274 864 2327 usque
881 2256 917 2309 ad
933 2257 1077 2327 [primam]
1093 2257 1187 2322 ripam

154 2326 263 2377 Tiberis
293 2327 339 2394 [et
361 2343 411 2396 per
435 2343 571 2394 syncopen
595 2322 777 2398 Ἕτροῦρια,]
807 2327 884 2396 quasi
910 2324 1058 2396 ἑτεροὺρια.
1111 2325 1197 2374 Nam·

154 2394 245 2464 ἕτερον
271 2402 311 2447 est
335 2395 467 2460 alterum,
500 2405 528 2447 et
552 2388 613 2466 dnos
636 2398 697 2448 finis
720 2404 842 2447 vocatur.
888 2395 980 2447 Roma
1004 2396 1186 2447 animantes

154 2480 240 2517 unam
264 2469 373 2514 tantum
396 2463 505 2515 Tiberis
530 2465 623 2532 ripam
647 2466 769 2518 tenebat.
809 2463 940 2520 Iuvenalis
964 2470 1013 2528 (8,
1030 2463 1125 2526 264.):
1150 2461 1185 2512 Et

155 2550 225 2598 quoe
244 2533 357 2598 imperii
373 2531 451 2598 fines
470 2533 642 2599 Tyberinum
668 2539 748 2602 virgo
775 2535 885 2583 notovit
911 2533 953 2598 (L.
972 2532 1052 2587 Fabr.
1072 2530 1184 2595 uotam).

155 2600 286 2668 [Quidam
310 2617 375 2650 sane
400 2608 428 2650 et
450 2602 511 2653 ruri
535 2603 705 2669 (Etrurique)
729 2605 824 2669 legunt
848 2600 882 2650 ab
907 2602 995 2653 eturie
1019 2609 1087 2652 trus.
1104 2603 1117 2633 *
1136 2598 1183 2664 (ab

153 2667 287 2733 Etrurus)
304 2676 379 2722 trans
397 2668 528 2736 Tyberim
546 2672 622 2723 enim
638 2672 782 2726 Etruriam
799 2670 943 2733 dicebant,
958 2669 1085 2720 homines
1103 2669 1186 2719 Etru·

155 2755 215 2802 ros,
238 2752 307 2805 quoa
328 2748 402 2788 nunc
426 2737 585 2804 Etruscos]
612 2767 644 2777 —
692 2746 753 2799 599.
777 2739 931 2806 compositi
954 2756 1069 2789 numero
1078 2761 1088 2800 ,·
1118 2737 1137 2788 i.
1162 2755 1186 2792 e.

154 2806 276 2886 [aequati
298 2804 427 2877 numero]
449 2807 664 2863 rationabiliter:
690 2809 763 2864 unde
786 2814 814 2859 et
838 2824 1034 2874 saepenumero
1058 2804 1187 2870 dicimus,

153 2892 172 2925 r.
190 2893 229 2942 e„
250 2875 410 2942 frequenter
435 2881 464 2930 et.
485 2876 694 2934 rationabiliter.
721 2870 803 2929 ‘ilinc
823 2883 870 2936 ‚est
893 2875 940 2942 (E.
959 2881 990 2940 ὃ,
1007 2873 1077 2940 27.):
1109 2874 1184 2928 Tum

118 2962 124 2968 ·
153 2962 217 3001 vero
245 2945 276 3000 in
301 2960 462 3008 numerum,
485 2945 503 2997 i.
519 2963 543 2997 e.
567 2949 596 2998 in
619 2947 774 3007 rationem,
796 2944 826 2994 in
849 2943 1017 3012 rhythmum.
1060 2943 1140 2995 Unde
1157 2951 1186 2994 et

151 3021 250 3078 metra,
266 3029 396 3068 numeros
408 3013 538 3065 dicimus:
556 3022 586 3065 ut
601 3015 640 3079 (E.
649 3021 673 3080 9,
682 3014 750 3074 45.):
768 3010 909 3066 Numeros
922 3014 1045 3077 memini,
1057 3015 1086 3065 si
1097 3013 1184 3069 verbo

152 3094 279 3153 tenerem.
314 3079 383 3132 Sane
407 3082 490 3132 modo
514 3084 650 3148 generalis
674 3091 715 3134 est
732 3081 879 3148 descriptio
899 3082 1032 3146 equestris
1050 3082 1183 3134 certami-

152 3149 208 3201 nis:
231 3149 312 3219 paulo
337 3155 399 3214 post
415 3151 554 3202 descendit
571 3151 606 3202 ad
623 3151 786 3218 specialem,
811 3152 882 3203 sicut
904 3150 970 3200 fecit
992 3150 1137 3216 inquirito
1157 3157 1185 3203 et

152 3218 187 3269 de
212 3216 367 3269 cursoribus
389 3225 418 3267 et
440 3219 474 3269 dc
497 3221 586 3272 navali
610 3220 769 3272 certamine.
793 3245 827 3255 -
868 3223 928 3274 600.
955 3217 1091 3284 [Pru-sis,-
1116 3235 1184 3271 cum

151 3285 267 3338 habenis
284 3293 473 3353 premeretur:
497 3301 606 3356 pugnat
622 3296 717 3340 autem
733 3303 784 3357 pro
804 3298 948 3353 repugnat.
966 3315 1001 3322 —
1035 3292 1097 3344 601.
1115 3287 1183 3344 Fer,-

154 3372 218 3413 reus
236 3352 342 3415 hostis;
360 3355 510 3422 quaeritur,
526 3359 592 3424 quii
608 3359 644 3415 sit
653 3358 782 3426 ferreus,
799 3365 893 3407 utrum
909 3357 1016 3406 ferreus
1034 3371 1101 3422 ager
1118 3355 1185 3408 hor-

151 3430 198 3484 ret
213 3421 312 3485 hastis,
329 3439 365 3472 an
382 3422 479 3474 ferreis
495 3425 580 3479 hastis
596 3444 665 3494 ager
681 3423 814 3489 horretl]
848 3423 952 3475 Horret
969 3424 1085 3493 [autem]
1103 3426 1187 3476 terri

153 3490 215 3544 bilis
232 3497 285 3550 est;
303 3498 342 3540 est
359 3497 452 3542 autem
469 3508 560 3544 versus
573 3496 713 3550 Ennianus
729 3493 897 3562 vituperatus
915 3512 931 3544 a
949 3493 1055 3545 Lucilio
1073 3494 1185 3546 dicente

153 3577 202 3610 ner
225 3558 395 3620 irrisionem,
420 3576 484 3613 eum
502 3561 624 3619 debuisse
647 3563 739 3617 dicere
757 3561 849 3612 horret
872 3575 898 3612 ct
916 3564 996 3628 alget.
1032 3563 1110 3620 Unde
1127 3564 1187 3615 Ho·‚

154 3625 237 3679 titius
260 3627 295 3680 de
318 3627 425 3677 Lucilio.
449 3627 553 3697 (Serm.
573 3631 756 3696 1‚10,5l..);
780 3631 846 3681 Νοη
872 3632 943 3688 ridet
967 3649 1066 3682 versus
1091 3632 1186 3686 Ennii

153 3697 291 3764 gravitate
309 3698 437 3752 minoris,
453 3723 485 3735 —
520 3706 581 3758 602.
608 3698 759 3770 Compique
784 3703 873 3751 crenis
898 3700 1011 3760 ardent;
1040 3701 1068 3767 [i.
1087 3698 1122 3764 e.]
1140 3704 1184 3752 r'e-

151 3763 301 3823 splendent.
336 3765 382 3832 [Et
390 3766 542 3833 *Euripides
559 3766 773 3821 in‘Phoenissis:
792 3764 861 3823 rard
879 3763 979 3828 χαλκόν
996 3762 1070 3820 ἅπαν
1087 3766 1183 3836 ordior

153 3827 323 3898 emoleret]
340 3857 373 3867 —
414 3840 474 3891 603.
494 3835 651 3896 celeresque
669 3834 785 3899 Lotini3
809 3837 905 3886 alludit
922 3838 957 3887 ad
980 3839 1110 3890 militiam
1127 3840 1185 3897 Ro-

154 3917 282 3960 manam:
298 3917 419 3970 namque
436 3909 464 3953 et
480 3903 586 3970 equites
602 3903 700 3954 babuit
713 3904 847 3956 Romulus
857 3910 869 3966 ,'
880 3913 910 3957 ut
925 3906 972 3958 illo
990 3907 1106 3965 diximus
1121 3909 1183 3961 loco

153 3977 197 4038 (9,
214 3970 297 4031 370.);
322 3970 485 4025 Tercentum
509 3973 612 4022 scutati
637 3990 732 4024 omnes
753 3972 894 4025 Volsceute
921 3977 1065 4041 »registro
1108 3976 1184 4044 Quos

66 4040 69 4046 '
154 4041 254 4094 celeres
271 4038 431 4108 appellarit,
446 4040 488 4092 vel
505 4053 522 4091 a
539 4040 690 4106 celeritate,
709 4041 751 4094 vel
768 4057 784 4093 a
800 4040 870 4093 duce
891 4041 998 4110 Celere,
1014 4045 1063 4112 qui
1080 4045 1183 4107 dicitur
