2288 4514
35 132 66 158 --·
135 136 180 178 na
205 113 374 178 vinam.
395 111 567 207 atomo.
589 110 671 174 Lm
691 113 747 189 XI,
769 116 967 185 ert-tat·
1047 118 1091 185 41

97 299 183 353 bant
198 305 242 368 (2,
250 298 324 363 51.):
341 299 376 350 ln
390 299 466 350 latur
478 300 563 366 inque
574 297 637 369 feri
655 313 770 349 curvam
785 299 970 366 compagibus
987 300 1091 351 aluum.
1109 318 1112 323 ’

80 367 81 370 '
106 402 107 411 .
152 378 265 421 autem
283 370 412 419 memoris
430 379 455 417 et
473 361 707 435 lacte'jerino·,ir
724 362 770 419 daei
786 363 919 421 deoiu-
953 376 1013 426 572.
1030 368 1093 418 Nu-

80 450 143 503 ‘²²3
165 437 295 506 <paridam
311 453 381 488 nove
399 436 503 487 dictum
520 435 680 505 accipiunt]
695 463 728 474 -
764 444 823 495 573.
841 437 965 504 Vestigia
983 439 1092 505 plantis

80 510 218 570 'terate
243 508 324 576 signa
337 506 450 575 pedum
474 504 569 573 primis
593 505 691 574 plantis
715 513 892 571 expresserat.
932 506 1004 556 Nam
1021 505 1089 557 haec

88 566 97 616 ἶ
120 575 265 643 vestigia,
287 575 423 641 imagines
440 573 555 642 pedum:
578 582 610 622 ut
626 579 674 639 (3,
692 575 781 632 244.):
805 573 940 624 Sameram
959 576 1091 638 praedam

92 644 229 713 'vstigia
247 642 339 712 foeda
366 643 539 707 relinquunt.
556 666 590 678 -
632 645 692 711 5745
711 641 824 692 Palmas
850 647 991 705 oneravit3
1016 660 1090 699 onus

143 720 194 765 est
218 711 352 780 qrricquid
369 711 469 761 teneris
493 709 644 780 imponitur
668 710 804 761 manibus.
822 735 856 748 -
889 708 948 768 fite.
965 710 1091 780 [crinali

101 778 140 841 ἰς
163 795 225 850 quo
253 776 345 832 crines
361 777 519 845 illigantur]
556 777 607 828 Pro
627 779 727 846 longae
744 782 864 846 tegmine
882 781 989 846 pallae,
1012 781 1091 847 palla

98 879 117 913 ,ι
156 874 158 877 v
184 855 229 901 eat
245 847 389 899 muliebris
405 847 485 899 vestis
502 846 618 898 deducta
639 862 724 915 usquo
748 849 783 899 ad
806 847 924 916 vestigia.
959 849 1037 900 Unde
1054 850 1093 901 ait

10 937 29 966 z
126 934 170 968 aa.
204 915 379 982 Sicutsupra
397 919 441 980 (1,
457 915 542 976 648.);
569 914 678 965 Pallam
696 917 789 984 signis
808 935 932 984 auroque
951 920 1093 984 rigentem.

97 1040 106 1053 q
128 992 190 1045 577.
208 986 245 1053 [Α
264 989 365 1036 vertice
381 983 513 1051 pendent,
536 990 664 1052 tempora
681 985 811 1050 variavit,
824 1001 892 1036 nam
908 986 942 1037 de
959 986 1092 1056 praeteri-

11 1070 37 1099 ς
117 1051 200 1119 dicit]
224 1078 260 1091 -
301 1058 361 1112 580.
385 1053 628 1120 Strymoniamque
650 1070 747 1120 gruem
755 1077 765 1118 ,-
796 1054 944 1105 Thraciam
967 1073 984 1106 a
1007 1055 1091 1106 fluvio

16 1134 54 1163 ‘2'-
133 1147 143 1164 4ε
158 1140 216 1175 ne.
247 1120 320 1175 Seue
335 1121 493 1186 sciendum,
517 1137 596 1190 posse
613 1121 683 1188 dici,
708 1130 736 1174 et
754 1123 800 1174 liic
818 1123 929 1174 ethaeo
952 1141 1022 1190 grus
1047 1123 1092 1190 (lt.

36 1210 52 1231 ==
134 1207 161 1255 a,
175 1190 268 1250 Gnelt.
285 1192 307 1241 1.
324 1208 395 1256 grus
413 1191 456 1241 vel
474 1191 631 1256 gruis;.11.
648 1208 735 1257 grus,
758 1203 784 1242 at
800 1191 847 1241 hic
864 1205 889 1242 et
906 1193 972 1243 ltaec
989 1194 1094 1260 gruis),

10 1262 54 1295 ΕΞ
109 1256 150 1309 ,δι
173 1266 202 1311 et
222 1259 276 1311 hae
299 1258 405 1327 grues]
440 1258 567 1320 Olorem,
591 1257 690 1310 Latine
712 1259 751 1310 ita
768 1260 898 1321 dicimut;
920 1278 986 1313 nem
1004 1263 1091 1330 cygni

32 1332 58 1375 .-“
117 1353 119 1364 v
148 1350 165 1369 ι’
185 1327 321 1380 dicuntur.
339 1355 374 1365 ·-
409 1333 469 1386 581.
487 1327 595 1377 Multae
613 1329 694 1389 illam
705 1327 836 1396 frustra3
858 1336 921 1381 ente
944 1347 1006 1381 uam
1029 1346 1092 1382 rem

14 1390 65 1443 '³3³
119 1420 153 1429 ·
173 1432 182 1462 ,
202 1396 407 1464 praeiudicaret
423 1395 469 1463 (al.
485 1398 568 1462 prius
586 1397 648 1446 eius
667 1399 786 1447 ostendit
804 1347 959 1464 cormarril5
982 1401 1019 1450 sie
1037 1398 1092 1451 sal-

10 1476 14 1521 ζ
37 1462 63 1491 ‘⁴'
128 1485 143 1504 ¹
174 1464 308 1535 (lug.1.)t
331 1465 416 1516 Falso
435 1466 561 1532 quaritur
578 1467 610 1515 de
629 1477 732 1515 natura
751 1483 803 1516 sua
821 1485 909 1533 gertus
928 1467 1093 1520 humanum.

13 1533 55 1590 ,“
157 1541 302 1602 antequam
318 1534 425 1586 diceret
442 1535 677 1602 queritur,falso
696 1534 769 1586 dixit.
804 1535 924 1599 Matres3
941 1537 1014 1588 inter
1032 1554 1091 1587 ma·

14 1598 52 1669 ³⁸.-
109 1623 127 1668 ,¹
162 1608 188 1653 et
211 1602 461 1671 matremfamilias
484 1602 538 1652 hoc
561 1602 689 1666 interest,
711 1603 785 1669 quod
809 1616 895 1655 mater
919 1612 959 1656 est
980 1615 1092 1672 praeter

10 1666 54 1741 ζ
130 1670 197 1733 ter)
212 1671 292 1723 illam
309 1671 553 1738 significationem,
569 1688 639 1738 quae
655 1678 697 1723 est
709 1668 744 1721 ed
761 1672 878 1740 aliquid,
896 1689 966 1740 qnae
984 1683 1092 1725 tantum

124 1763 125 1766 =
159 1738 188 1789 ..t
207 1740 238 1791 in
254 1741 480 1802 matrimonium
504 1740 721 1808 materfamilias
740 1755 803 1792 vero
822 1741 867 1793 illa
886 1740 997 1808 dicitur,
1022 1759 1092 1810 quae

10 1848 33 1867 ,,
107 1860 114 1869 ,,
128 1807 324 1863 mainerium
348 1810 474 1862 convenit
495 1824 545 1877 per
568 1809 754 1861 coemtionem
762 1823 776 1871 3·
793 1826 859 1860 narn
882 1827 933 1880 per
953 1812 1094 1881 quandem

10 1870 27 1930 ἶ
149 1876 361 1930 tullemnitatem
383 1877 414 1928 in
437 1878 575 1929 familiam
592 1879 695 1945 migrat
713 1879 816 1929 mariti.
850 1879 897 1946 [Et
911 1879 958 1929 hic
976 1881 1093 1933 ostendit

10 1940 20 1967 ·“
137 1960 178 1994 mo
194 1946 342 2015 Tyrrhena
359 1963 408 2014 per
434 1947 553 2014 oppida,
574 1949 648 2014 quod
671 1946 756 1998 etiam
773 1947 861 1998 Volsci
884 1947 913 1998 in
937 1949 1093 2000 Tuscorum

85 2037 87 2044 „
113 2010 166 2063 ⁴'·t
185 2013 343 2085 potestate]
366 2041 400 2052 -
448 2021 509 2073 583.
532 2016 699 2080 Aeternam,
725 2014 744 2067 i.
768 2032 791 2066 e.
814 2022 925 2067 aeterne
949 2020 1093 2084 (aeterno).

121 2105 131 2121 ἰ
150 2098 253 2136 nomen
278 2092 321 2138 est
336 2098 387 2152 pro
404 2081 541 2136 adverbia.
558 2111 593 2121 —
627 2088 687 2144 584,
705 2083 882 2151 [intemerata
901 2087 985 2150 colit,·
1007 2087 1092 2139 invio-

14 2158 25 2217 j
75 2165 81 2220 J
98 2172 109 2188 Η
125 2151 322 2221 ,incorrupta,
340 2164 486 2203 temeratae
503 2153 593 2218 enim,
617 2152 715 2221 quihus
733 2152 770 2202 vis
788 2153 869 2204 allata
886 2152 945 2218 est]
962 2181 998 2192 —-
1032 2161 1093 2215 585.

11 2226 18 2233 '
108 2232 185 2281 uata3
200 2229 449 2286 cumconaretur,
473 2223 515 2290 [ut
532 2227 573 2288 (2,
589 2223 680 2284 441.);
704 2221 910 2288 Obsessumque
929 2234 990 2272 aeta
1008 2234 1092 2277 testu-

76 2282 248 2357 dt'ult'mtn,
264 2297 293 2344 et
310 2294 354 2361 (8,
370 2290 455 2352 218.);
483 2289 551 2340 Caci
568 2309 642 2358 spem
660 2291 800 2341 custodita
820 2291 937 2360 fefellit.
969 2293 1027 2344 Hac
1046 2309 1093 2344 att·

10 2368 16 2377 “
74 2360 121 2409 lan
134 2360 245 2410 ratione
263 2358 396 2422 ostendit,
413 2374 499 2426 quare
516 2375 573 2410 non
590 2375 715 2410 suscense
732 2376 748 2409 a
767 2360 893 2411 Troianis
911 2359 942 2427 *].
961 2384 997 2396 -
1031 2367 1092 2420 587.

71 2420 140 2481 laris
157 2438 277 2495 urgetur
294 2428 422 2490 acerbis,
441 2428 557 2479 ostendit
573 2428 658 2480 etiem
672 2427 806 2479 desideria
818 2446 849 2481 ex
865 2429 916 2479 fati
932 2429 1092 2481 necessitate

70 2490 234 2549 detentere.
249 2522 285 2533 -
320 2501 381 2554 559.
399 2494 589 2548 committitur
613 2499 705 2548 omine
728 2514 842 2563 pugna,·
866 2512 916 2566 pro
941 2500 1091 2551 committe-

69 2572 115 2615 tur.
128 2587 163 2601 ·-
199 2570 262 2624 590.
278 2563 357 2617 Haec
367 2580 459 2629 eope,
475 2565 640 2632 generaliter
657 2563 724 2616 dixit
741 2582 852 2629 arcum,
869 2567 1044 2635 pharetram,
1062 2574 1093 2616 ut

67 2632 202 2701 taqnentia
224 2633 356 2685 indicant
397 2633 470 2683 Nam
494 2634 572 2685 dicit:
597 2635 631 2686 Et
656 2636 784 2693 ultricem
807 2635 937 2702 pharetra
963 2635 1089 2700 depromo

67 2700 209 2771 mgittam3
239 2703 286 2769 [et
313 2701 488 2753 neotericam
521 2710 633 2783 putatur·
665 2705 756 2769 ipsam
789 2705 922 2769 sagittam
946 2701 1092 2768 ultricem]

67 2766 212 2833 Ultrieam5
244 2771 359 2825 nomina
381 2768 498 2841 [omnia]
523 2789 553 2822 in
578 2789 596 2820 a
626 2770 727 2840 [litera]
752 2771 916 2837 terminata,
944 2770 1093 2823 ablativum

45 2879 46 2886 ,
65 2836 229 2909 angularem
252 2839 282 2891 in
300 2856 314 2889 ι
332 2838 447 2889 mittunt
462 2855 518 2890 non
539 2840 568 2896 in
587 2841 599 2892 i
604 2862 615 2904 ,-
638 2839 789 2907 genitivum'
813 2854 876 2889 vero
889 2839 1036 2911 „pluralem
1059 2838 1091 2893 in

46 2922 122 2959 =ntr
139 2906 262 2975 exceptis
278 2907 322 2959 his
339 2923 410 2979 quae
428 2908 516 2957 omnis
533 2916 596 2960 sunt
612 2907 735 2974 generis:
759 2915 791 2959 ut
802 2906 887 2976 felia.
920 2908 1038 2965 Nam.et
1054 2910 1090 2963 at

64 2973 110 3029 bt
126 2976 234 3044 felici,
255 2984 285 3027 et
301 2975 402 3027 hortun
420 2975 554 3044 felicium
575 2978 650 3029 facit.
684 2975 826 3027 Lucanus:
849 2975 906 3046 [Et]
922 2976 1010 3045 felici
1034 2994 1092 3034 uon

59 3044 155 3115 fausta
175 3046 239 3096 laco
258 3047 379 3097 tentoria
396 3061 518 3108 ponens:
543 3044 616 3112 quod
633 3050 777 3112 receptum
794 3051 834 3097 est
854 3044 916 3095 ideo
934 3048 999 3113 quia
1016 3048 1092 3112 geni·

63 3112 126 3165 tirar
140 3112 258 3183 pluralis
276 3131 294 3165 a
309 3112 478 3167 nominativo
496 3113 595 3183 plurali
611 3113 703 3164 minor
720 3128 777 3164 esse
794 3128 851 3164 non
867 3114 967 3178 debet,
979 3115 1027 3167 sed
1044 3122 1094 3167 aut

114 3216 124 3247 ,
145 3189 197 3233 aret
220 3181 313 3235 maior
336 3197 393 3235 una
416 3181 526 3250 syllaba.
559 3184 596 3235 Et
612 3181 677 3250 quia
701 3179 753 3247 [iu]
776 3189 873 3233 neutro
897 3183 964 3234 facit
981 3184 1096 3255 felicio²

58 3194 177 3373 &am
190 3250 287 3302 dicere
303 3267 361 3302 non
374 3249 515 3315 debemus,
531 3268 567 3301 ne
584 3265 633 3320 pro
656 3256 697 3299 ter
714 3248 767 3300 alia
783 3265 887 3318 genera
903 3251 968 3302 huie
985 3251 1094 3323 praeiu-

39 3372 44 3383 ,
80 3319 87 3331 '
118 3334 192 3371 mus.
227 3318 356 3387 Namque
375 3320 411 3371 ab
436 3335 469 3372 eo
487 3319 561 3388 quod
578 3265 747 3385 estleliees,
770 3326 800 3368 ut
812 3318 945 3386 felicium
963 3320 1095 3386 dicamus,

62 3388 128 3443 ratio
146 3387 267 3458 patitur:
291 3403 348 3438 rma
365 3388 441 3441 enim
458 3384 558 3440 ar'escit
573 3387 683 3454 syllaba.
716 3388 758 3439 Ab
782 3402 815 3438 eo
833 3387 906 3455 quod
923 3398 963 3440 est
980 3389 1094 3458 felicia,

63 3464 91 3507 at
100 3456 228 3526 salicum
245 3457 386 3519 dicemus,
409 3472 466 3508 non
483 3456 622 3526 procedit,
645 3473 681 3507 ne
699 3455 790 3506 minor
809 3455 843 3504 sit
860 3457 992 3524 genitivus
1011 3473 1027 3507 a
1044 3475 1094 3519 no,

63 3524 196 3577 nimrim
221 3525 329 3593 plurali.
364 3523 496 3577 Similiter
520 3533 548 3575 et
571 3526 716 3577 ultricium
742 3532 769 3575 et
786 3526 946 3577 victricium
966 3526 1095 3581 dicimus:

61 3590 122 3647 teet
136 3594 170 3648 iu
186 3594 233 3647 his
248 3601 381 3646 neutrum
397 3590 505 3662 [genus]
520 3592 550 3643 in
567 3609 684 3644 numero
707 3591 838 3658 singulari
855 3609 911 3648 non
934 3594 1098 3651 inveniatur.

62 3686 93 3701 —-
126 3668 191 3723 591.
214 3662 338 3714 Violarit
353 3664 469 3712 vulnere
488 3677 605 3728 comus,-
631 3661 714 3730 [bene
737 3659 887 3727 violarit,]
908 3662 972 3727 quia
989 3662 1096 3718 dixerat

64 3742 181 3783 aarum.
217 3728 266 3801 [Et
283 3730 407 3801 superius
425 3729 509 3796 (556.)
527 3731 630 3780 dictum
655 3734 709 3791 est,
735 3743 849 3795 operam
873 3728 990 3787 solemni
1015 3744 1096 3785 more

63 3798 217 3853 temerari
235 3798 403 3867 usquedum
417 3798 629 3866 solvatur-eaput
644 3795 772 3857 hominis,
789 3794 806 3846 i.
823 3814 845 3845 e.
860 3795 992 3848 liberetur
1006 3816 1094 3851 sarra·

65 3867 143 3925 aas
156 3883 251 3935 nexu,
274 3868 349 3938 quoe
363 3866 470 3922 facilius
487 3864 608 3933 accidet,
629 3863 654 3920 si
674 3877 750 3917 mora
766 3863 927 3921 intercedat.
960 3866 1011 3924 ilic
1029 3883 1096 3937 ergo
