2288 4514
114 264 150 306 a
175 240 339 306 vraou.
360 242 534 306 aarum.
555 241 637 306 ua.
657 188 712 313 xi,
732 221 927 316 aas-230¹.
958 270 962 277 ·
1001 255 1045 319 rr

70 428 76 440 '
95 445 102 478 :
126 427 276 480 translatio
296 428 331 480 ab
348 427 494 480 arboribus
510 426 691 497 [lacta‚lquia
707 444 812 479 nomen
829 428 963 482 nobilium
978 438 1040 485 tan·

103 498 209 549 rmrbra
227 505 269 559 est
286 514 335 566 pro
354 497 432 562 aliis]
465 499 524 548 Hoc
541 504 633 548 mrtem
655 497 736 560 dicit,
757 499 843 548 Amor
865 499 979 566 reginae
1003 501 1063 555 ad'

40 579 126 617 torem
144 567 311 635 popularem
330 566 478 634 plurimum
494 566 624 632 proderat
636 565 739 618 Turno.
773 566 886 617 Meritis
901 581 1039 621 sustentat

64 637 241 697 amorraeis,
265 633 329 700 [vel]
346 635 409 701 quia
427 634 527 683 multos
544 633 698 696 occiderat,
722 640 752 682 ut
769 635 852 686 etiam
876 635 934 705 ipse
951 638 1038 689 dictu-

65 710 119 762 θείς
136 703 194 770 [vel
209 703 361 754 secundum
378 703 451 752 lund.
469 715 536 752 sunt
554 703 656 767 oppida
676 703 763 752 multa
779 701 865 770 Capta
884 704 1038 770 rnanu.]-
1095 746 1096 751 ,
1126 718 1131 731 ‘

58 771 151 822 ,Ecce
168 775 273 835 sapen
297 772 425 840 insuper,
449 772 512 836 [hoo
530 769 581 834 est]
598 771 632 821 ad
657 771 872 822 cumulationem
890 773 1037 829 malorum.
1122 797 1127 801 ·

38 842 120 903 aesti;
146 839 202 889 boc
218 854 349 891 sermone
365 854 412 890 eos
429 840 499 890 nibil
514 830 601 906 edisse
617 838 760 906 significat.
793 839 908 906 Magna·
921 841 1036 894 Diome.

10 896 49 956 de}
65 909 99 958 ab
121 909 206 970 arbe,·
223 907 327 975 legitur
346 914 373 958 et
391 909 495 974 magni.
529 908 576 976 [Et
591 913 668 958 tanto
686 907 807 974 asperius
824 910 945 975 videtur,
962 913 1037 979 quod
1068 928 1071 953 ¹
1115 941 1137 953 x-

10 976 66 1027 Hm
82 972 209 1044 ma'gnur
232 975 268 1027 sit
286 975 451 1041 Diomedes,
473 990 528 1026 non
547 976 628 1026 audet
643 974 770 1026 advorsus
787 977 909 1028 Aeneam
932 995 1038 1048 pugna.

10 1048 88 1096 ἵε.-
123 1053 191 1101 227.
207 1043 295 1096 Nihil
312 1046 444 1095 omnibus
463 1055 571 1114 αοιιιιῃς
597 1043 716 1094 breviter
739 1050 767 1094 et
782 1043 907 1104 laborem
931 1055 958 1098 et
981 1056 1039 1101 stu·

10 1100 75 1164 ilum
99 1112 339 1182 comprehendit]
356 1138 388 1150 ·-
432 1119 495 1169 228.
513 1111 566 1162 Nil
591 1113 665 1163 dona
691 1104 741 1160 'nec
756 1129 883 1183 ,aarum
909 1116 1036 1172 ordinem

10 1180 145 1247 ‘gationis
168 1182 326 1249 exsequitur
350 1181 458 1245 dicens,
481 1181 602 1231 inaniter
624 1181 748 1249 perfecta
771 1181 828 1232 e'sse
852 1182 946 1235 omnia
963 1201 1035 1254 quae

10 1260 110 1303 uuest
126 1249 254 1302 efficaces
271 1249 354 1316 legati
372 1248 507 1318 perficere
522 1263 606 1312 auro,
629 1248 771 1316 precibus,
796 1251 1036 1315 promissione-
1072 1308 1075 1314 ,

10 1322 59 1377 Bo.
76 1317 178 1369 Pacem
198 1318 324 1370 Troiano
343 1320 378 1368 ab
398 1334 458 1384 rege
476 1317 636 1383 petendum
663 1317 734 1372 sicut
757 1316 842 1368 etiarn
868 1336 951 1387 supra
976 1327 1036 1388 (10,

10 1390 68 1448 ¹08)
91 1388 229 1450 diximus,
258 1403 324 1438 cum
350 1403 399 1456 per
423 1385 540 1454 gerundi
566 1386 681 1437 modum
705 1384 807 1453 aliqtdd
830 1385 960 1454 dicimus,
984 1409 1035 1458 per
1117 1401 1120 1408 ·

10 1457 187 1509 otusatimm
211 1455 395 1506 elocutionem
425 1458 578 1506 formemus
608 1469 719 1506 necesse
749 1461 804 1505 est:
834 1464 865 1505 ut
886 1460 1035 1522 petendum

10 1524 66 1576 silei
83 1537 127 1576 est
143 1541 258 1589 equum.
292 1523 600 1587 Lu‹·reti11s(l,112.):
623 1523 759 1578 Aeternos
777 1526 912 1590 quonia'm
929 1545 1036 1594 poenas
1058 1528 1061 1539 '

10 1606 136 1658 amone
160 1594 326 1642 timendum.
361 1593 432 1643 Item
456 1591 620 1659 Sallustiust,
639 1590 737 1642 Castra
761 1594 823 1643 sine
848 1594 963 1646 vulnere
988 1599 1036 1648 in.

10 1666 124 1714 ruitum.
160 1661 235 1711 Nam
254 1673 347 1710 castra
366 1661 531 1712 accusativus
555 1659 669 1724 pluralis
691 1667 745 1722 est,
770 1661 817 1725 qui
840 1663 935 1714 multis
959 1683 1036 1717 erro·
1128 1712 1136 1733 ,

10 1749 54 1784 em
72 1729 154 1794 facit,
171 1739 202 1779 ut
219 1730 342 1780 videatur
360 1746 416 1780 esse
434 1728 629 1781 nominativus:
648 1728 711 1795 quia
725 1736 821 1779 neutra
836 1731 949 1798 triptota
962 1742 1034 1798 erint,
1106 1769 1110 1773 -

10 1799 140 1850 tsimih's
158 1805 200 1848 est
216 1796 577 1849 nominativus-*accusativo
591 1822 625 1832 -
659 1802 721 1852 231.
739 1795 798 1844 Rex
817 1799 874 1862 ipre
893 1796 1035 1865 Latinus,-

10 1868 41 1918 ui
59 1865 203 1919 consolari
220 1866 331 1929 debuit,
349 1875 395 1915 aut
408 1865 556 1917 defendere
574 1864 790 1933 rempublicam,
807 1874 855 1914 aut
871 1867 945 1918 aliud
963 1870 1035 1922 inire

10 1936 155 1987 nutilium.
173 1959 208 1972 -
248 1943 310 1992 232.
335 1933 459 1984 Fatalem
483 1941 541 1991 eto;
565 1933 648 1982 modo
673 1931 826 2000 [fatalem]
848 1935 1056 1999 perniciosum,

10 2005 127 2056 mnibus
145 2005 283 2068 Aeneam,
305 2002 359 2070 [vel
377 2002 457 2054 exitio
482 2003 607 2052 futurum
626 1999 773 2066 omnibus]
808 1999 963 2070 Manifesta
983 2007 1035 2056 nu·

10 2078 70 2124 tine
87 2070 228 2141 [autem]‚
250 2072 268 2123 i.
286 2088 309 2122 e.
327 2071 471 2122 manifesto
490 2068 605 2120 deorum
629 2068 730 2120 iudicio
748 2067 782 2120 ad
799 2070 907 2122 Italiam
923 2075 1035 2141 venisse,

10 2142 146 2193 uminum
164 2141 208 2191 ira
225 2147 354 2191 testatur:
379 2155 462 2207 quam
480 2137 669 2204 cognoscimus
686 2146 827 2190 tantorum
847 2141 931 2193 caedo
948 2143 1036 2193 socio-

10 2226 68 2260 um.
104 2209 157 2276 [Et
174 2215 216 2260 est
232 2208 315 2259 ordo:
339 2208 452 2259 fatalem
470 2208 591 2257 Aeneam
607 2207 674 2257 ferri
692 2207 839 2256 manifesto
856 2210 970 2264 numine
988 2211 1035 2264 ad·

10 2284 96 2330 tonet
117 2277 164 2328 ira
188 2275 290 2341 deum]
309 2300 342 2312 -
382 2281 445 2334 235.
464 2277 527 2326 Alta
553 2277 629 2324 intra
655 2276 758 2325 limina
777 2278 867 2342 cagia
891 2281 1034 2346 quaeritur

10 2364 44 2398 ur
68 2346 107 2397 ad
131 2345 270 2413 privatam
294 2344 407 2396 domum
432 2351 596 2395 convocetur
620 2351 743 2409 senatus,
768 2345 815 2410 qui
841 2359 897 2397 non
923 2347 974 2397 nisi
999 2348 1034 2400 ad

10 2414 109 2467 ablica
134 2421 167 2466 et
189 2421 323 2480 augurato
346 2413 457 2465 condita
480 2413 541 2463 loca
565 2413 711 2463 convenire
735 2413 882 2464 consuevit.
915 2415 1036 2467 Sed‘sci·

10 2499 58 2535 uus
73 2483 194 2534 domum
211 2482 304 2533 Latini
321 2490 454 2548 augurato
471 2480 626 2543 conditam,
643 2487 671 2530 et
688 2480 805 2531 eandem
823 2487 883 2533 tam
899 2485 1035 2549 templum

10 2553 78 2604 uisse
96 2567 184 2620 quam
201 2550 318 2602 curiam.
351 2550 479 2618 Namque
495 2550 524 2600 in
542 2547 730 2615 superioribus
749 2549 868 2616 legimus
886 2556 928 2615 (7,
948 2555 1033 2615 170&

10 2620 112 2671 l'ectam
138 2631 309 2686 augustum,
338 2618 357 2669 i.
381 2636 404 2670 e.
428 2618 545 2686 augurio
575 2615 725 2669 conditum.
770 2619 842 2668 ltem
869 2619 958 2689 paulo·
974 2629 1035 2687 post

10 2689 95 2751 173.);
111 2686 192 2738 Hinc
210 2700 317 2753 sceptra
336 2690 468 2752 accipere,
488 2698 512 2736 et
531 2683 638 2753 primos
656 2686 779 2736 attollere
795 2686 890 2752 fasces
906 2687 1033 2754 Regibus

10 2775 78 2806 tmen
94 2768 173 2820 erat,
198 2755 250 2806 boc
275 2757 335 2806 illis
361 2757 442 2807 ouria
467 2755 605 2821 templum.
640 2754 742 2805 Merito
765 2770 832 2821 ergo
856 2755 891 2805 ad
916 2755 1034 2810 domum

10 2826 86 2893 egis,
108 2824 190 2893 quasi
213 2824 249 2876 ad
269 2825 362 2876 locum
387 2821 537 2892 [gentibus]
560 2821 702 2888 publicum
727 2831 892 2876 convocatur
915 2833 1034 2880 senatus.

10 2895 70 2946 bam
86 2892 142 2962 [ut]
160 2893 200 2945 ait
215 2893 244 2944 iu
261 2892 379 2960 septimo
398 2893 492 2957 (192.)·:
512 2891 578 2941 Tali
596 2893 675 2941 intus
693 2891 908 2955 templo'divum
926 2897 1034 2959 patria·

10 2979 51 3030 tue
67 2960 194 3012 Latinus
212 2961 279 3012 Sede
296 2963 402 3018 sedens.
436 2961 542 3010 Idcirco
567 2959 651 3011 etiarn
676 2959 704 3009 in
731 2958 825 3026 palatii
850 2961 935 3024 atrio,
959 2964 1034 3030 quod

10 3039 133 3099 iugarato
159 3031 300 3081 conditum
319 3038 374 3095 est,
397 3030 469 3100 apud
492 3028 611 3080 maiores
628 3027 821 3077 consulebatur
830 3030 958 3081 senatus:
984 3032 1033 3087 ubi

10 3102 82 3152 etiam
99 3098 174 3150 aries
192 3098 398 3150 immolabatur.
432 3097 520 3164 Quod,
536 3105 566 3146 ut
582 3096 612 3146 in
629 3095 745 3162 septimo
763 3095 886 3158 diximus,
904 3097 1033 3166 Virgilius

10 3168 36 3220 ul
51 3168 147 3218 Latini
163 3167 303 3233 transtulit
318 3169 440 3219 domum.
475 3165 556 3215 Multi
579 3164 687 3226 dicunt,
712 3165 800 3231 perite
818 3166 961 3233 Virgilium
978 3184 1032 3220 neo

10 3237 94 3306 ’empli
110 3253 165 3288 uec
182 3237 276 3287 curiae
298 3235 429 3287 hocloco
453 3235 549 3285 fecisse
565 3233 878 3285 commemorationem:
902 3235 949 3286 sed
970 3239 1033 3288 tan*-

10 3320 58 3355 um
80 3304 196 3369 dixisse,
219 3307 295 3355 intra
321 3315 390 3355 tecta
416 3307 510 3368 regio,
540 3310 571 3351 ut
595 3301 763 3365 ostenderet,
789 3302 933 3353 consilium
957 3303 1032 3371 quod

10 3374 84 3425 nitur
101 3388 161 3425 uon
178 3389 237 3425 esse
260 3371 468 3440 complendum:
493 3369 557 3439 quia
581 3385 633 3420 nec
658 3369 710 3421 rite
735 3378 776 3421 est
796 3371 973 3434 inchoatum3
998 3391 1032 3429 ea

10 3443 75 3494 urim
98 3459 172 3510 quiae
196 3441 272 3493 dicio
285 3442 413 3503 Latinus,
438 3442 538 3492 ellectu
561 3436 702 3500 carebunt.
727 3463 760 3476 -
801 3446 862 3495 236.
882 3439 957 3503 Olli}
981 3441 1031 3507 illi,

10 3509 151 3562 nundum
167 3510 297 3561 Ennium.
330 3511 378 3578 [ut
393 3507 602 3574 intelligendum
621 3503 691 3559 zarai
707 3503 740 3560 eo*
759 3504 940 3576 σιωπώμενον,
960 3509 1030 3561 Tur·
1093 3522 1096 3527 ·

10 3594 66 3629 rum
84 3593 196 3646 ottoque
213 3579 315 3631 venisse
340 3577 387 3646 qui
410 3577 438 3627 in
463 3576 598 3644 superiori
619 3577 691 3629 libro
715 3595 732 3628 a
748 3579 853 3640 lunone
877 3579 1031 3630 subtractus

10 3662 109 3715 rugnae
134 3646 253 3698 Arrieam
276 3643 461 3718 pervenerat]
503 3643 610 3695 Fluant
632 3648 672 3713 (V.
697 3645 788 3697 Guell'.
811 3646 831 3694 I.
855 3647 886 3696 Il.
914 3649 1011 3704 ruunt)
1019 3672 1029 3711 ,-

10 3716 160 3767 'estinanter
183 3715 322 3768 incedunt.
339 3741 373 3753 -
408 3720 470 3771 238.
487 3706 521 3762 Et
544 3717 655 3781 primus
673 3717 816 3783 sceptrisp
830 3715 935 3782 primus
958 3716 1031 3772 inter

10 3785 184 3852 aepuiferos.
216 3785 345 3854 Namque
368 3783 441 3852 apud
465 3782 584 3835 maiores
609 3799 704 3834 omnes
721 3784 805 3835 duces
828 3799 893 3832 etun
917 3785 1032 3850 sceptris

10 3851 377 3920 agrediebantureuriam„
396 3852 492 3903 Postea
516 3858 666 3922 coeperunt
689 3860 798 3903 tuntum
821 3867 852 3902 ex
875 3852 1031 3904 consulibus

10 3931 102 3992 teptra
127 3930 252 3988 gestare,
282 3930 312 3974 et
336 3922 447 3990 signum
471 3928 545 3985 erat,
571 3936 620 3972 eos
641 3920 796 3981 consulares
817 3919 1033 3986 (alccousules),

10 3986 77 4043 idue
93 3990 140 4058 (al.
158 3991 237 4054 erse).
271 3993 337 4067 [Aut
353 3989 419 4060 quia
437 3995 464 4040 et
480 3989 526 4041 alii
543 3987 667 4042 eiusdem
683 3989 769 4058 partis
786 4003 872 4058 reget
884 3995 977 4054 erant,
1000 3997 1032 4041 ut
