2424 4506
44 254 65 293 ⁹
117 264 180 333 tm
371 256 514 320 sanun
536 234 893 320 commentitius

116 444 199 514 gestit
215 441 298 496 rebus
314 448 358 495 utr
380 441 487 493 Saevus
505 457 584 494 rimor
596 441 705 494 liocuit.
737 441 812 494 Nam
829 442 864 495 de
881 441 956 495 exitn
971 438 1050 495 circa
1064 440 1148 495 ‹laintt

118 511 281 583 vituperatio
298 527 354 564 non
370 511 451 564 cadit
485 510 609 561 Extremi
626 509 828 575 Garamantes,-
845 510 942 582 populi
957 511 1150 563 enutritione

118 581 243 635 Extremi
259 588 369 645 antem,
385 579 470 644 saevi,
486 579 564 647 quasi
581 596 597 630 a
615 581 752 631 consortio
768 579 950 635 numenium
965 580 1079 645 remoti.
1113 578 1146 629 tn

117 651 242 717 (bened,
258 648 343 712 727.)=
366 648 541 713 Extremique
559 646 705 699 hominum
723 646 849 713 Mo'rint',
869 647 1042 715 Rhenusque
1057 648 1153 699 bitom·

118 721 174 771 nis.
190 745 225 755 -
258 721 303 773 45.
319 715 376 767 Nec
402 719 493 768 nostri
516 716 628 785 generis
645 732 777 783 puerum,
801 732 851 767 nec
876 718 1031 785 sanguinis
1048 717 1158 791 ecum·

117 786 137 840 i.
160 804 183 837 e.
207 784 276 837 nihil
297 785 447 837 habentem
468 786 499 837 in
521 802 549 837 se
573 784 760 846 humanitatis.
808 786 882 836 Nam
906 799 963 837 non
986 785 1070 851 dicit,
1090 800 1158 837 nou.

116 855 271 908 mortalem.
319 854 432 921 Edunt,
456 853 579 924 pariunt,
603 862 633 905 ut
655 852 685 904 in
709 854 827 923 septimo
845 852 943 921 (660.);
966 848 1157 905 Sublumintt'

117 923 206 977 edidit
230 939 303 977 orer.
346 949 384 961 --
425 927 469 982 46.
493 920 598 972 Saevus
622 939 703 973 amor
726 926 823 974 docuit
848 934 981 975 natorum
1007 924 1142 990 sanguine

117 1004 231 1045 matrem
250 990 461 1048 commaculare
479 1006 597 1053 rncnns3
622 991 699 1058 quasi
715 1007 817 1044 novam
834 999 926 1043 artem
941 991 1101 1055 insinmrit,
1115 992 1141 1043 et

112 1060 230 1129 inludit,
252 1068 283 1111 et
304 1060 376 1113 bene
398 1059 522 1113 fabulam
539 1057 666 1109 omnibus
689 1070 786 1111 notam
809 1076 860 1128 per
884 1058 1034 1111 transitum
1048 1056 1122 1112 te''
1154 1066 1158 1075 '

116 1128 283 1199 Qnierenim
305 1128 429 1199 ignorat,
449 1127 580 1181 Medeam
604 1127 640 1177 ab
663 1127 759 1181 lasona
782 1137 891 1192 contem
913 1136 972 1180 tam
994 1128 1057 1179 suoi
1115 1140 1141 1177 or

115 1195 307 1251 interemisse?
330 1225 366 1237 -··
410 1202 455 1254 48.
487 1196 713 1261 Cornmnculnre;
743 1144 911 1268 [pollueres
960 1195 1091 1249 Crudelis
1112 1200 1140 1249 ttt

116 1282 224 1333 quoque
250 1278 350 1331 mater‚·
380 1264 465 1317 utitur
497 1272 592 1318 autern
617 1266 723 1332 optima
752 1265 953 1318 moderatione.
995 1266 1068 1319 Nam
1094 1276 1141 1317 net

114 1341 207 1386 totum
224 1335 314 1387 amori
330 1335 462 1402 imputat,
478 1351 513 1386 ne
531 1333 660 1384 defendet
676 1334 863 1414 parricidam:
880 1349 933 1387 nec
948 1340 1040 1387 toturn
1055 1330 1141 1397 mani,

113 1417 151 1457 ne
176 1417 303 1457 amorem
327 1403 428 1455 eximat
449 1402 542 1470 culpa:
567 1401 615 1453 sed
632 1402 768 1468 atillam,
791 1419 862 1471 quae
885 1403 996 1472 paruit,
1018 1402 1142 1467 atilium,

114 1471 162 1538 qui
179 1471 279 1540 coegit,
295 1470 410 1523 incusat.
445 1470 508 1538 [Alii
525 1470 656 1523 hocloco
673 1487 739 1521 cum
756 1486 852 1524 amore
869 1478 992 1523 matrem
1008 1464 1155 1525 Venerem·

113 1539 218 1610 culpari
236 1538 344 1592 volunt:
361 1538 423 1591 earn
440 1540 516 1591 enim
533 1538 690 1604 crudelem,
707 1540 772 1609 quia
790 1539 941 1608 permittit,
956 1540 1140 1593 illumauten

113 1605 292 1677 improbum,
314 1606 363 1677 qui
379 1624 410 1658 au
430 1623 462 1659 ra
480 1607 594 1658 modum
612 1616 725 1675 noceat,
748 1609 788 1661 ita
814 1616 845 1657 ut
861 1606 1063 1675 adparricidie
1078 1621 1140 1678 qw-

113 1691 168 1744 que
184 1676 226 1730 eui
243 1675 371 1728 violentia
393 1627 484 1745 piures
505 1674 666 1746 impudent]
683 1704 718 1715 -
752 1683 796 1735 50.
812 1676 963 1742 improbus
989 1677 1038 1730 ille
1061 1690 1148 1743 putet·

92 1756 94 1761 ’
114 1745 237 1799 crudelis
256 1757 286 1797 tn
304 1761 412 1811 quoque
431 1758 532 1809 meter,-
557 1760 613 1795 non
631 1752 671 1796 est
687 1745 827 1815 superflua
844 1746 915 1797 haec
932 1744 1082 1798 verborum
1096 1743 1140 1797 ite·

112 1813 191 1868 ratio.
225 1814 299 1864 Nam
316 1812 484 1881 syllogismus
502 1822 543 1866 est
558 1813 667 1882 plenus,
691 1815 738 1882 qui
761 1821 868 1865 constat
892 1829 924 1868 ex
947 1813 1139 1883 propositione,

112 1883 313 1962 assumptione,
336 1881 386 1951 [et]
410 1882 592 1935 conclusione.
634 1882 734 1948 [Multi
756 1883 795 1933 sic
818 1882 1007 1952 distinguunt,
1030 1882 1095 1953 qula
1114 1884 1158 1935 οῖ’

113 1951 230 2005 intentio
247 1951 383 2018 loquentis
400 1950 435 2001 ab
452 1951 532 2002 initio
549 1952 587 2002 sic
605 1951 671 2015 luit,
695 1959 726 2001 ut
749 1969 766 2003 a
789 1951 901 2002 saevitia
919 1951 1023 2003 amoris
1046 1948 1140 2031 incipe·

50 2036 53 2041 ’
112 2026 171 2081 ret,
192 2016 357 2071 insecundo
381 2019 442 2072 loco
467 2026 608 2072 accusaret
629 2026 764 2082 matrem,
786 2018 827 2071 ita
850 2027 947 2072 tamen
971 2028 1003 2071 ut
1023 2016 1139 2071 crimini

113 2086 173 2140 eius
196 2086 326 2139 invidiam
346 2080 506 2140 'crudelitati
529 2087 632 2140 amoris
657 2087 842 2152 adscriberet,
865 2097 893 2140 et
915 2089 978 2139 ideo
1003 2088 1140 2157 geminen·

112 2155 180 2208 dnm
199 2155 261 2218 ille,
280 2156 422 2223 improbus
442 2157 489 2206 ille
506 2173 583 2221 puer,
602 2157 733 2221 crudelis,
750 2164 778 2208 et
795 2155 1019 2225 distinguendum
1034 2157 1075 2209 ita
1090 2160 1138 2209 ettt

112 2224 237 2274 crudelis
253 2235 283 2275 tu
302 2240 410 2290 quoque
429 2236 523 2275 mater.
562 2224 691 2276 Crudelis
709 2237 796 2274 meter
815 2229 922 2293 magis,
947 2242 986 2275 on
1009 2243 1076 2294 puer
1092 2226 1139 2277 im·

111 2291 238 2362 probus?
262 2299 292 2344 et
314 2292 449 2362 distingue
473 2299 502 2344 et
524 2292 672 2360 subiunge:
696 2306 728 2343 tn
754 2310 862 2360 quoque
888 2291 1003 2359 mntem]
1025 2321 1061 2333 -·
1100 2299 1139 2353 52.

111 2360 199 2417 Nunc,
215 2372 239 2412 et
259 2377 322 2411 oves
342 2362 414 2413 ultro
426 2361 529 2431 fugiat
546 2363 646 2431 lupus,·
675 2370 765 2432 optat,
789 2363 884 2416 omnia
906 2363 968 2414 fieri
985 2371 1082 2415 contra
1096 2376 1140 2413 na·

112 2436 215 2482 turam.
250 2427 353 2498 [Aurea
371 2431 413 2484 vel
429 2431 551 2501 speciosa
569 2430 610 2482 vel
627 2439 738 2482 matura
756 2438 785 2482 et
802 2431 880 2484 aurei
897 2431 1015 2496 coloris,
1031 2438 1062 2482 ut
1072 2427 1140 2483 scalt·

111 2505 170 2562 cet,
194 2497 259 2564 quia
282 2497 330 2549 illa
352 2498 539 2568 pulcherrima
555 2498 714 2567 turpissimo
732 2499 833 2550 marito
852 2501 958 2568 nupsit,
980 2500 1056 2568 quod
1072 2499 1139 2550 bene

24 2599 33 2608 -
111 2573 208 2619 cenna
230 2573 359 2619 staturam
383 2568 540 2631 videbatur,
563 2582 628 2619 cum
654 2577 724 2620 esset
740 2569 801 2634 ipsa
825 2569 954 2632 honesta,
976 2574 1158 2637 consequent'

110 2634 154 2699 sit,
170 2641 201 2684 ut
217 2636 273 2685 sint
290 2643 318 2686 et
334 2634 388 2687 alia
404 2643 503 2686 contra
519 2643 657 2702 naturam,
674 2645 705 2687 ut
722 2639 809 2705 fugiat
825 2636 904 2706 lupus
922 2653 993 2702 oves,
1009 2645 1040 2687 nt
1055 2639 1140 2689 terant

111 2718 228 2770 quercus
252 2718 337 2757 aurea
361 2704 450 2769 mala,
472 2713 500 2754 et
522 2704 643 2771 reliqua,
667 2721 738 2772 quae
766 2703 851 2768 dicit]
874 2734 909 2742 -—
951 2708 995 2763 54.
1019 2704 1137 2772 Pinguia

111 2771 227 2835 electro,¹
257 2771 276 2825 i.
301 2790 324 2826 e.
348 2776 474 2826 succinae
498 2787 635 2839 gemmae.
684 2772 845 2843 [illyricam
875 2789 961 2842 genus
984 2773 1140 2827 arbusculae

110 2839 255 2895 vilissimae
278 2840 399 2906 humile,
425 2858 510 2909 quam
532 2842 697 2893 tamaricem
713 2842 794 2908 vulgo
820 2840 933 2906 dicunt]
950 2867 983 2887 -v
1020 2847 1062 2901 55.
1081 2842 1139 2893 Cer·

110 2920 209 2972 tentet
227 2912 324 2977 cycnis
344 2912 456 2974 ululae,·
481 2927 541 2961 aves
560 2905 615 2962 eloti
632 2907 683 2963 τοῦ
701 2905 852 2975 Siciliam,
878 2911 896 2962 i.
915 2928 938 2961 e.
954 2928 971 2965 a
988 2911 1072 2974 fletu,
1094 2925 1140 2963 no·

109 2977 239 3030 minatae.
279 2978 370 3049 [Quas
393 2979 473 3045 vulgo
499 2980 599 3031 ulueor
621 2979 744 3045 vocant]
784 2981 827 3030 Sit
854 2978 971 3046 Tityrus
998 2979 1140 3046 Orphrnsg

79 3080 82 3085 -
109 3045 252 3097 vilissimus
274 3048 406 3117 rusticus,
430 3047 556 3116 Orpheus
579 3057 692 3115 putetur
716 3049 746 3101 in
770 3049 854 3114 silvis,
878 3048 964 3100 Arion
981 3065 1045 3099 vero
1069 3048 1141 3099 inter

109 3113 260 3186 delphinas.
302 3115 352 3167 Hic
377 3124 472 3167 autem
493 3115 608 3170 Lesbius
633 3116 815 3186 cytharoedus
840 3117 960 3185 optimus
982 3116 1050 3169 fuit:
1079 3114 1143 3185 [qui

110 3197 176 3234 cum
200 3200 217 3233 a
238 3180 405 3248 Periandro,
427 3201 494 3253 rege
520 3185 745 3250 Corinthiorum,
767 3184 893 3256 petisset,
918 3192 950 3235 ut
973 3185 1026 3236 sihi
1048 3182 1143 3237 liceret

109 3265 261 3369 ppragrare
278 3249 344 3304 alias
361 3251 493 3314 civitates,
510 3254 646 3318 permissu
663 3254 720 3306 eius
737 3272 788 3322 per
805 3254 893 3306 multa
912 3253 1013 3322 oppida
1026 3252 1143 3305 collectis

148 3318 246 3370 neiicio
270 3318 423 3373 cantilenae
447 3320 560 3391 opibus,
583 3322 749 3376 Corinthum
766 3331 862 3389 petere
887 3325 992 3391 coepit,
1015 3324 1045 3372 in
1070 3322 1145 3373 cuius

109 3402 208 3440 necem
225 3402 289 3437 cum
306 3392 407 3440 nnuma
425 3397 452 3441 et
468 3389 569 3442 servuli
587 3392 783 3455 coniurassent,
800 3391 896 3460 Apollo
914 3407 980 3442 eum
996 3391 1028 3442 in
1044 3390 1147 3443 somnia

109 3452 233 3519 monuit,
256 3455 416 3523 cytharoedi
438 3457 537 3512 habitu
561 3468 688 3529 accepto,
712 3477 813 3511 canens
838 3460 961 3526 cithara,
992 3466 1024 3509 ut
1049 3452 1153 3511 vitaret

37 3572 40 3577 .
109 3522 235 3589 iusidias,
258 3523 390 3579 auxilium
413 3525 443 3579 ei
463 3541 521 3581 non
538 3526 698 3581 defuturum
720 3529 902 3599 prominens,
925 3529 956 3582 in
973 3543 1060 3600 quem
1083 3542 1148 3581 curn

136 3684 174 3743 58)
201 3693 241 3734 Pro
255 3693 310 3735 uiue.
325 3693 383 3732 Voss.
397 3690 424 3731 td
438 3693 511 3734 catull.
524 3706 545 3745 p.
558 3690 594 3732 90.
608 3693 668 3743 legit:
688 3696 775 3735 Alueoa.
789 3716 814 3729 ι-
842 3693 896 3735 Dm'n
916 3708 953 3747 pro
968 3696 1087 3737 Periandro
1101 3710 1150 3749 rege

198 3751 220 3791 0.
240 3750 265 3790 el.
284 3750 358 3801 haben
376 3752 464 3789 filtrento
483 3753 602 3791 Oorintlsnm
620 3758 661 3802 pet.
691 3753 714 3789 V.
729 3752 812 3792 Munek.
827 3753 853 3791 sd
867 3753 941 3801 llygin.
962 3752 1004 3792 lab.
1018 3752 1068 3793 194.
1097 3752 1150 3793 Dan.

193 3807 300 3861 Pyrancto
315 3819 363 3858 rege
381 3808 403 3849 0.
423 3807 448 3844 cl.
469 3808 495 3846 ad
511 3807 563 3845 Geli.
580 3806 808 3854 N.Att.16,19,1.
828 3809 896 3847 'I'zetm
917 3809 971 3849 chit.
984 3810 1011 3854 1,
1027 3810 1062 3852 17.
1083 3812 1149 3849 Scho-

192 3864 245 3904 liert
266 3862 387 3903 Germanioi.
426 3866 517 3906 Voseiua.
537 3864 600 3903 codd.
621 3871 642 3904 et
661 3864 743 3914 stepha
764 3868 800 3919 qui
819 3879 865 3906 cum
885 3878 897 3903 a
918 3865 1001 3913 (Guell.
1016 3867 1042 3904 Π.
1064 3881 1105 3907 ora.
1126 3866 1151 3915 a)

196 3921 283 3961 Tarento
303 3922 422 3961 OorintLum
437 3932 483 3961 eum
498 3921 567 3960 multi·
582 3921 653 3973 opibus
668 3927 759 3971 peteret,
781 3928 800 3961 et
813 3922 891 3961 rideret
906 3921 947 3961 riti
960 3925 981 3963 in
996 3927 1054 3963 muri
1066 3925 1128 3965 tendi
1140 3938 1153 3962 c

192 3980 261 4017 ncult'a
276 3977 373 4019 incidias,
391 3979 456 4029 petit,
477 3985 500 4016 ret
515 3978 594 4018 cattam
604 3978 715 4029 pernimium
729 3986 810 4017 carcerei
815 4004 822 4021 ,
838 3979 866 4016 ud
880 3982 938 4017 cttc'tta
952 3992 1028 4018 sonum
1043 3996 1091 4022 cunt
1106 3982 1152 4020 tiel-

190 4034 254 4086 pln'ui
267 4036 425 4091 convertissent,
440 4036 529 4077 mouerit
544 4048 565 4075 rr
579 4048 643 4088 coptu
657 4042 732 4081 unum,
747 4043 766 4075 tt
780 4037 810 4077 itu
825 4037 930 4077 imminent
945 4037 1021 4079 riluvit
1032 4040 1158 4090 pericnlum.
