2288 4514
91 292 136 360 aa
289 372 292 381 1
351 279 492 344 ssavn
515 219 870 351 condemnatus
1014 281 1031 309 s
1087 285 1130 315 ..

99 463 192 536 Quum
217 461 301 516 semel
324 459 474 530 informem
491 472 571 515 uado
592 453 702 514 'vidisse
726 460 778 511 sub
805 466 888 512 entre
906 451 1049 526 Scyllum]
1087 464 1094 494 t

100 537 211 602 alopas,-
230 533 355 584 Graecae
372 530 560 582 declinationis
578 531 746 582 accusativus
765 536 821 581 est:
840 529 912 580 unde
929 530 1070 578 Graecum
1133 550 1139 597 χ

99 603 179 658 bebit
200 608 354 659 accentum,
389 599 462 651 Nam
485 599 585 652 Latine
611 598 694 666 Cyclo
716 616 743 648 es
768 597 887 650 diceret:
910 594 959 648 sed
981 594 1022 646 sio

59 677 63 693 ¹
100 681 174 727 stare
197 685 254 722 non
272 675 388 741 poterat.
405 694 440 707 -
474 672 536 727 264.
552 658 651 735 Regiis
700 662 1016 736 eoptolemireserrtm?
1039 678 1087 715 sus
1135 678 1137 683 ·

101 741 143 796 dis
168 755 273 803 euersa,
314 736 395 805 Quod
419 752 451 789 stt
475 738 671 806 posterioribus
694 736 865 803 intelligitur.
912 732 1019 800 Pyrrho
1044 749 1060 783 a
1093 769 1096 773 -

102 807 170 880 quid
186 800 352 873 contigerit,
363 805 542 858 manifestum
560 813 612 856 est:
636 806 710 857 Nam
728 805 804 855 ut'in
821 801 906 856 tertio
924 801 1058 870 legimus,
1133 773 1144 887 Ι

102 877 186 929 uellet
207 876 309 927 ducere
326 873 515 937 Hermionen,
540 872 632 927 Oresti
655 881 720 927 aute
747 870 957 940 desponsatam,
980 868 1016 921 ab
1040 882 1073 919 eo
1109 919 1110 922 ,
1134 890 1144 969 p

103 946 177 1000 inter
195 959 256 997 aras
273 942 405 1014 Apollinis
421 941 612 1008 interemptus.
645 941 724 994 Unde
741 947 782 992 est
799 944 835 1005 (3,
850 937 938 1000 bibl:
955 935 991 989 Et
1003 937 1072 994 scete
1087 959 1102 965 *¹
1140 961 1144 979 ι

97 1014 195 1086 stiriis
213 1013 338 1082 agitatus
358 1011 470 1062 Orestes
487 1009 600 1078 Excipit
624 1012 784 1074 incautum,
807 1008 973 1076 patriasque
991 1007 1071 1058 obteri
1136 980 1144 1049 l

104 1084 141 1136 ad
160 1098 236 1135 aras.
277 1079 429 1147 Vereorque
446 1091 559 1145 penates
576 1079 733 1141 Idomenei3
757 1077 921 1129 Idomeneus
936 1091 986 1126 rex
1003 1074 1042 1128 Cr
1076 1098 1092 1120 s
1115 1081 1120 1120 ἐ

103 1167 153 1203 um
169 1150 236 1203 fuit:
262 1150 309 1217 qui
327 1165 391 1200 curn
408 1154 572 1218 tempestate
588 1148 739 1211 laboraret,
765 1146 852 1210 vovit,
874 1161 904 1196 se
919 1143 1059 1196 sacrifice
1095 1164 1096 1179 ¹
1124 1185 1126 1208 ,

104 1219 157 1291 [Ne
177 1215 256 1286 tuno}
273 1217 308 1271 de
323 1234 355 1270 re
373 1233 445 1285 quae
462 1217 488 1267 ei
505 1215 629 1286 primum
646 1214 808 1268 occurrisset
830 1216 865 1282 (si
881 1228 1006 1265 reuersus
1030 1211 1069 1265 fui
1079 1233 1088 1246 r

103 1234 176 1351 sedi
193 1301 258 1344 curn
282 1301 347 1336 casu
371 1286 397 1338 ei
420 1284 545 1355 primum
568 1283 639 1336 iilius
663 1284 841 1348 occurrisset,
865 1297 951 1401 spuens
975 1286 1047 1346 (mor
1062 1279 1090 1331 11.

94 1371 186 1425 geum,
203 1362 234 1406 ut
251 1353 297 1407 alii
314 1353 421 1418 dicunt,
444 1353 626 1407 immolasset:
650 1360 681 1403 ut
698 1353 758 1419 alii,
779 1351 869 1403 immo
882 1367 930 1402 are
945 1349 1084 1413 voluisset,
1104 1375 1105 1381 =
1124 1353 1144 1427 ³,

104 1422 298 1477 crudelitatem
322 1437 409 1492 reguo
434 1437 451 1472 a
468 1422 579 1483 civibus,
594 1423 718 1492 expulsus
736 1429 783 1474 est.
821 1420 899 1472 Unde
923 1426 966 1471 est
985 1422 1019 1485 (3
1027 1422 1067 1484 ,1

104 1491 139 1544 Et
150 1491 236 1570 suma
257 1490 335 1544 uolat
351 1492 465 1558 pulsum
483 1493 579 1558 regnis
598 1494 714 1544 cessisse
731 1491 858 1561 paternis
872 1488 1022 1540 Idomenea
1039 1486 1128 1549 ductui

104 1559 293 1625 Alirdicunt,
315 1559 398 1628 ,quod
421 1560 569 1613 abscedens
593 1559 704 1612 cuidam
728 1575 808 1610 suum
831 1556 1075 1610 commendaverat
1125 1600 1131 1611 ,

104 1642 207 1700 gnum,
231 1628 279 1698 qui
295 1645 345 1698 per
363 1628 420 1679 eius
444 1628 599 1682 absentiam
617 1629 760 1697 occupavit
782 1627 935 1697 imperium
953 1633 983 1676 et
1001 1622 1139 1679 reserum

104 1696 218 1768 pepulit.
251 1697 327 1767 Ergo
344 1714 439 1751 uersos
457 1711 586 1768 penates,
603 1706 650 1749 aut
667 1713 773 1750 eversos
792 1703 819 1748 et
835 1694 956 1748 funditus
973 1692 1079 1745 dirutos
1093 1702 1134 1743 w·

106 1764 280 1836 cipieudum:
303 1773 352 1819 aut
368 1775 443 1820 certe
461 1769 492 1821 in
509 1768 599 1820 aliena
621 1767 683 1819 iura
699 1779 852 1820 conversos.
870 1788 904 1801 -
938 1758 1130 1821 265.'Locrsst

105 1841 137 1888 ut
153 1835 239 1888 etism
255 1830 286 1885 in
302 1834 384 1886 tertio
402 1835 534 1902 diximus,
556 1834 641 1886 Locri
657 1834 726 1888 socii
742 1832 830 1886 Aiacis
848 1830 922 1885 Oilei
945 1832 1061 1884 fuerunt

105 1903 227 1973 zephyrii
245 1909 273 1954 et
290 1901 376 1955 Oroli.
409 1903 461 1955 Sed
478 1904 509 1957 hi
532 1911 698 1972 tempestate
727 1902 804 1954 divisi
825 1908 903 1966 sunt,
927 1900 996 1952 adeo
1020 1905 1053 1950 ut
1076 1890 1132 1973 Est·

93 1971 229 2040 ¹zephyrii
245 1977 374 2022 tenerent
391 1971 527 2037 Bruttios,
550 1972 584 2023 de
602 1972 701 2039 quibus
719 1971 758 2023 ait
772 1970 802 2024 in
819 1968 902 2022 tertio
920 1967 1018 2034 (399;);
1042 1963 1132 2017 ΗΜ

106 2037 220 2092 Naristi
237 2050 394 2106 posuerunt
417 2043 529 2092 moenio
546 2038 641 2093 Locri.
676 2039 754 2092 Ozoti
776 2053 840 2090 vero
860 2037 945 2088 delati
961 2033 1133 2108 Pentapolim,

61 2160 63 2164 ,
103 2105 141 2157 de
165 2105 263 2175 quibus
292 2122 366 2156 nuuc
391 2109 530 2176 queritur,
561 2109 667 2162 dicens:
696 2106 837 2175 Libyaeue
868 2106 1027 2157 habitantes
1060 2105 1133 2157 litere

108 2171 223 2228 Locros.
264 2174 405 2241 [Quamvis
431 2178 543 2243 quidam
566 2177 676 2242 dicunt,
699 2177 784 2229 etiam
807 2176 838 2227 in
859 2175 924 2245 ipsis
947 2173 1049 2224 Brutiis
1074 2173 1135 2225 tius

104 2240 246 2310 Libycum
262 2244 325 2294 dici.
361 2244 411 2295 Alii
429 2246 479 2298 hos
496 2247 572 2298 circa
589 2245 816 2316 Syrtes·posuisse
833 2245 925 2306 sedes,
943 2242 990 2292 alii
1008 2241 1039 2301 in
1055 2240 1140 2309 Libye

105 2311 207 2367 insulas
226 2313 360 2378 quasdam
384 2313 561 2366 inhaerentes
580 2331 741 2384 occupasse,
765 2328 865 2380 eosque
889 2311 970 2364 initio
987 2311 1136 2362 Nisammt·

106 2395 168 2441 nes,
186 2387 280 2453 postea
298 2388 428 2451 corrupte
444 2383 643 2436 Nassmmones
661 2383 820 2454 appellatos.
853 2381 906 2433 Alii
923 2379 1024 2432 amisse
1039 2379 1072 2430 iu
1088 2390 1136 2447 syr·

105 2448 179 2500 tibus
197 2448 281 2501 classe
298 2466 348 2517 per
365 2450 554 2504 Mediterranei
572 2452 671 2504 arietis
689 2452 803 2502 tortuito
821 2448 943 2501 dicunt*
961 2447 1067 2516 (ductu)
1090 2447 1138 2500 iter

104 2515 237 2597 facientes
255 2517 290 2589 ad
306 2520 474 2572 Ammonem
490 2513 661 2586 pervenisse,
679 2528 706 2572 et
722 2519 855 2591 oppidum
871 2517 971 2569 Aurela
989 2510 1137 2585 (Augilai)

104 2593 178 2639 tuter
191 2585 392 2639 Nasammones
405 2588 567 2641 condidisse.
600 2588 654 2640 Alii
666 2588 775 2641 Africae
792 2587 910 2637 insulam
928 2586 1056 2649 tenuisse,
1074 2580 1139 2655 ques'

105 2669 179 2708 nunc
197 2653 315 2707 Cercina
337 2655 450 2708 dicitur:
476 2665 503 2710 et
525 2657 761 2726 pronuntiandum
784 2663 816 2706 ut
837 2654 1023 2722 longinquitas
1047 2653 1140 2706 doces·

50 2765 62 2775 .
104 2728 151 2775 tur
176 2721 268 2787 exilit]
291 2750 325 2760 —
368 2729 428 2781 267.
454 2723 573 2777 Devicta
598 2728 668 2775 Asia
696 2725 839 2790 subsedit5
862 2723 989 2792 [quidem
1015 2723 1067 2774 sub
1094 2732 1140 2790 prb

104 2801 169 2860 post
186 2791 333 2864 accipiunt,
350 2800 381 2843 ut
397 2792 431 2842 sit
448 2806 510 2860 post
527 2791 670 2861 possedit]
685 2841 687 2845 .
704 2794 820 2860 Legitur
838 2802 866 2844 et
884 2793 1020 2844 deuictam
1037 2792 1141 2844 estam.

107 2857 189 2928 Quod
218 2859 241 2909 si
265 2869 320 2928 est,
350 2861 389 2913 ita
421 2861 600 2929 intelligimus
626 2870 657 2913 ut
687 2864 813 2915 subsedit
843 2861 891 2926 sit,
922 2860 985 2914 dolo
1018 2859 1142 2931 possedit.

104 2925 233 2981 Lucanus
250 2934 379 2996 (5,227.):
397 2929 549 2984 Subsedere
569 2948 685 2998 regnum
702 2931 853 2995 Chalcidos
867 2929 1009 2982 Euboicae
1027 2932 1143 2999 [magna

37 3066 40 3071 ¹
105 2998 409 3074 spraraptsparubas]
443 3000 521 3054 Unde
545 3007 573 3052 et
590 3002 767 3052 subsessores
791 2999 934 3064 dicuntur,
957 2998 1006 3067 qui
1029 2997 1083 3069 [iu]
1109 2999 1126 3044 ἰ

104 3063 180 3118 sidus
197 3071 291 3119 taruos
308 3067 487 3123 interimunt:
510 3077 539 3123 et
555 3069 677 3121 hostium
694 3069 788 3134 dolos,
806 3070 954 3119 subsessor
972 3066 1018 3132 (al.
1036 3070 1106 3118 subs

106 3131 166 3194 ⁸⁰5)
190 3146 332 3199 vocamus,
356 3145 387 3188 ut
409 3139 445 3190 sit
468 3153 576 3191 seusus:
600 3136 641 3191 Ab
665 3140 876 3205 Agamemnone
900 3136 1039 3188 devictam
1054 3137 1110 3190 Asi·
1125 3162 1137 3180 ··

106 3199 215 3254 adulter
227 3202 370 3272 Aegisthus
390 3204 503 3274 [insidiis
522 3205 560 3273 et]
577 3206 698 3261 lectione
710 3206 837 3277 possedit
871 3204 972 3258 Melius
990 3213 1088 3257 tamen
1100 3225 1122 3259 e-

105 3275 138 3348 ut
156 3269 264 3322 devicta
283 3270 351 3322 Asia
368 3272 505 3339 legamus:
531 3275 684 3329 secundum
702 3277 776 3343 quod
794 3275 920 3327 subsedit
945 3268 1016 3328 erit:
1035 3291 1136 3327 remea

104 3344 153 3416 δξῑὶ
178 3346 209 3390 ut
232 3341 379 3407 (51498·):
400 3342 550 3396 Extremus
567 3346 703 3415 galeaque
729 3347 786 3396 ima
812 3345 938 3398 subsedit
956 3346 1077 3394 Acestes.
1113 3342 1144 3395 U=

104 3412 140 3458 stt
157 3421 265 3461 sensus:
282 3409 344 3461 Asia
361 3419 476 3478 propter
493 3414 662 3467 adulterium
680 3414 793 3482 pertulit
809 3414 895 3478 bella,
912 3428 983 3482 quae
999 3426 1129 3467 reruan

105 3480 134 3528 ts
151 3474 276 3528 adultero
292 3475 370 3556 finite
388 3495 447 3530 esse
468 3481 538 3532 nihil
561 3484 680 3552 proluit,
704 3489 734 3532 ut
751 3499 816 3535 cum
839 3481 1031 3552 indignatione
1055 3481 1091 3533 sit
1107 3480 1136 3533 di

104 3549 196 3596 ctum:
220 3542 295 3596 Dum
312 3561 436 3616 prunum
453 3547 607 3603 vindicatur
624 3551 806 3616 adulterium,
822 3553 897 3604 aliud
915 3565 1008 3602 rursus
1025 3552 1096 3604 eme'
1113 3548 1127 3562 ''

105 3609 455 3692 [Saue'Clytaemnestram
473 3615 585 3670 Orestes
602 3619 689 3684 filius,
713 3628 809 3688 postea
831 3621 861 3673 in
887 3619 1037 3672 uindictam
1056 3618 1132 3690 pa·

105 3686 222 3759 necant.
257 3680 377 3750 Quidam
395 3685 490 3737 dicunt
507 3685 754 3754 Clytaemnestram
771 3704 829 3741 nou
847 3704 933 3741 manu
950 3688 1014 3754 filii,
1039 3688 1089 3741 sed
1106 3691 1135 3740 iu

106 3747 203 3802 dicum
226 3752 361 3803 sententia
384 3769 482 3824 petent
502 3761 569 3809 tarn.
603 3757 656 3808 Alii
680 3757 754 3810 bunc
772 3759 901 3810 Orestem
918 3756 1013 3809 fitium
1023 3756 1108 3810 Mene
1126 3783 1129 3799 ι

106 3822 136 3871 et
147 3816 269 3896 Helenes
285 3820 412 3873 tradunt:
431 3772 544 3893 quidam
561 3828 703 3877 inventam
716 3825 895 3895 Iphigeniam·
909 3825 1065 3878 abortivam
1082 3840 1135 3876 uxo

104 3900 168 3967 rem
182 3886 317 3969 edwium
329 3888 432 3967 tuisse]
443 3918 478 3931 ·-
513 3897 575 3951 268.
593 3892 689 3946 Prima
705 3894 779 3946 inter
793 3895 913 3962 limina3
932 3895 962 3947 in
976 3895 1035 3963 ipso
1049 3895 1140 3948 hmin-

105 3969 233 4023 1ml³0r¹²s
253 3972 272 4009 ¹·
289 3973 313 4012 θ·
328 3973 360 4011 111
375 3958 471 4016 litote:
535 3961 559 4014 's
584 3963 736 4016 secuudum
752 3963 908 4017 Homerum
925 3963 1130 4031 Clytaemnestr

105 4022 307 4093 Astmsutuoui
330 4027 452 4083 occurrit
474 3976 610 4085 edulitas:
631 4038 660 4086 et
681 4030 739 4085 illio
762 4045 828 4087 sum
845 4039 1002 4106 susceptum
1019 4047 1086 4086 cum
1103 4036 1122 4102 (1
