2424 4506
49 336 68 357 „
146 273 188 338 sa
285 325 313 334 ,Α
402 212 921 368 εειιίτΠ-οοΜΜεΝτΛΜυε

145 463 187 508 est
209 454 331 508 dicaeus
347 454 469 508 Aeneas..
484 480 519 498 ι-
560 462 620 513 113.
644 456 842 524 [Postermvir
865 474 1008 523 summos3
1030 456 1182 528 descriptio

144 525 279 592 temporis
296 523 368 592 quod
386 523 497 579 Turnus
518 526 701 595 praefinierat.
718 555 754 564 —
796 529 856 584 114.
875 526 945 577 Cum
962 529 1088 594 primum
1107 530 1180 593 dltog

145 584 211 663 qiria
227 609 273 645 res
289 593 467 662 perturbatae
484 602 627 645 secuturae
651 604 729 660 sunt,
755 593 831 646 diem
847 612 956 663 quicque
981 612 1046 647 cum
1071 598 1193 649 fertore¹

145 664 213 714 oriri
230 661 315 726 fecit]
334 688 366 698 -
403 669 463 719 115.
481 661 637 728 Lucemque
655 665 738 715 elatis
757 666 877 715 neribus
894 683 907 713 e
916 664 1011 731 flunt3
1034 666 1179 717 Ennianus·

144 748 236 784 versus
254 737 295 782 est
315 731 413 782 ordine
422 738 607 783 ‘commutato
643 732 692 784 Ille
710 732 786 784 enim
809 733 861 785 ait:
883 733 1077 802 funduntque
1091 736 1177 789 ,elatis

145 801 266 850 naribus
291 801 397 860 lucem,-
421 808 450 851 et
468 800 627 862 sciendum,
651 803 893 868 nunquamdiem
917 803 956 852 sio
981 811 1110 869 patenter
1132 803 1178 861 de·

143 870 282 935 scripsisse
304 869 466 933 Virgilium,
495 868 576 936 [sicut
597 869 627 921 in
651 878 750 936 quarto
775 870 856 938 (522.)
879 878 1007 936 noctem,
1031 871 1083 923 ubi
1104 871 1186 923 Dido·

112 988 118 1012 Ι
142 937 306 1008 pervigilans
323 936 475 1004 deliberat]
494 963 527 991 -.
561 943 622 996 116.
642 938 776 1005 Carnpnm
795 940 832 988 ad
855 953 1009 1004 certamen,-
1033 947 1108 990 totus
1131 940 1175 992 liic

143 1010 178 1060 de
202 1005 359 1058 foederibus
388 1008 464 1057 locus
487 1007 521 1058 de
545 1007 667 1073 Homero
691 1009 837 1060 translatus
868 1015 923 1074 est,
950 1009 1000 1059 ubi
1023 1008 1174 1077 Alexander

142 1074 240 1145 [Paris]
270 1090 334 1124 cum
364 1076 493 1126 Menelao
522 1075 655 1141 singulari
685 1085 725 1128 est
753 1077 906 1129 certamine
921 1077 1118 1135 dimicaturus.
1140 1102 1174 1117 -

144 1152 204 1203 117.
223 1143 356 1194 Dimensi
372 1143 529 1211 Rutulique
547 1147 621 1208 oiri,⁸
646 1145 719 1196 inter
737 1163 766 1197 se
789 1162 841 1212 per
857 1153 934 1197 certa
950 1146 1038 1216 spatia
1055 1146 1175 1199 divides·

141 1221 199 1277 tes,
224 1229 294 1280 quae
312 1213 427 1281 quisque
451 1213 512 1264 loca
528 1220 673 1280 purgaret:
698 1221 726 1265 et
747 1214 801 1265 hoc
824 1214 884 1264 loco
908 1213 1067 1278 sciendum,
1089 1214 1175 1268 Fauni

74 1326 80 1337 .
141 1281 236 1333 lucum
261 1289 384 1334 evertere
403 1281 525 1332 Troiani.
560 1282 638 1333 Unde
657 1290 697 1335 est
713 1283 805 1353 [paulo
822 1280 895 1349 post]
913 1283 1009 1347 (770.):
1031 1282 1087 1334 Sed
1111 1286 1175 1335 stir-

53 1356 56 1361 “
141 1368 202 1417 pem
221 1348 325 1401 Teucri
343 1352 421 1402 nullo
442 1352 607 1402 discrimine
626 1368 739 1402 socrum
757 1351 950 1415 Sustulerant,
972 1369 1044 1419 puro
1066 1364 1098 1404 ut
1112 1371 1174 1421 pos·
1196 1368 1200 1379 ¹

142 1431 204 1469 sent
228 1424 392 1471 concurrere
411 1437 515 1485 campo.
534 1446 569 1456 ·-
611 1426 671 1476 118.
688 1420 792 1480 Fooos3
817 1419 948 1487 quicquid
972 1422 1073 1489 ignem
1096 1423 1175 1487 fovet,

138 1488 224 1557 focus
242 1495 367 1552 vocatur,
391 1490 446 1539 sive
464 1489 576 1552 erasit,
599 1489 654 1538 sive
672 1489 738 1556 quid
754 1489 827 1539 eliud
844 1489 874 1539 in
891 1504 944 1554 quo
969 1490 1041 1556 ignis
1059 1482 1194 1543 fovetur.'

140 1557 227 1625 [Sicut
242 1557 271 1607 in
288 1557 370 1608 tertio
388 1556 591 1621 (restrictum
608 1565 661 1622 est,
678 1566 774 1609 tamen
791 1565 819 1608 et
834 1557 880 1609 hio
896 1557 926 1607 in
944 1559 1055 1624 publico
1073 1558 1175 1611 sacrifi·

140 1627 184 1676 cio
203 1625 332 1691 ostendit,
349 1642 414 1676 oum
432 1629 493 1676 aris
511 1627 596 1678 etiam
607 1626 693 1693 socos
710 1635 844 1691 sacratos,
861 1643 929 1677 narn
947 1627 999 1679 ait:
1017 1628 1054 1678 In
1070 1628 1174 1687 medio·
1201 1634 1204 1639 '

117 1712 121 1719 ·
142 1712 195 1761 que
212 1693 297 1762 focos
322 1707 348 1744 ct
371 1697 430 1744 dtis
455 1697 652 1745 communibus
677 1713 759 1760 aras,
783 1703 811 1746 et
832 1703 894 1763 post
916 1694 1053 1748 subtexuit
1076 1696 1173 1765 (285.):

141 1760 324 1830 Creterasque
335 1763 474 1832 jocosque
485 1765 601 1832 ferunt;
629 1777 752 1815 crateras
769 1764 886 1829 seilicet,
910 1764 1010 1831 quibus
1030 1766 1174 1831 libaverat,

131 1832 219 1902 focos
236 1848 316 1897 vero,
339 1834 375 1884 ad
399 1848 467 1901 qnos
488 1833 646 1900 legitimum
669 1832 836 1885 sacrificium
853 1832 1026 1897 perfecerat]
1060 1835 1172 1885 Eratis
1194 1848 1197 1857 ·

139 1898 336 1952 communibus
361 1920 444 1969 aras;
470 1903 514 1952 dii
538 1919 698 1952 communes
722 1909 798 1965 sunt,
829 1908 860 1952 ut
883 1901 930 1952 alii
954 1902 1063 1969 dicunt,
1085 1904 1173 1969 Mars,

138 1969 266 2034 Bellona,
290 1970 426 2021 Victoria:
454 1971 519 2037 quia
542 1970 571 2020 hi
589 1971 618 2020 in
636 1971 707 2021 bello
725 1971 834 2037 utrique
852 1970 924 2037 parti
941 1979 1054 2037 possunt
1071 1973 1171 2025 favere.

135 2039 173 2088 Ut
189 2046 283 2090 erstem
301 2038 404 2089 altioris
421 2039 552 2089 scientiae
570 2039 728 2091 hominibus
745 2040 842 2108 placet,
860 2040 905 2088 dii
923 2057 1084 2091 coenmunes
1100 2049 1172 2109 sunt,

138 2107 185 2174 qui
203 2101 317 2168 ἄζωνοι,
342 2100 485 2171 dicuntur,
508 2107 525 2157 i.
545 2125 568 2157 e.
594 2108 641 2175 qui
663 2108 733 2158 co'cli
757 2115 845 2160 certas
868 2124 923 2159 non
949 2108 1055 2160 habent
1071 2118 1173 2177 partos,
1197 2164 1209 2177 μ

136 2176 184 2227 sed
201 2175 368 2241 generaliter
386 2193 402 2225 a
419 2176 523 2225 cunctis
540 2176 687 2245 coluntur„
710 2176 818 2244 Ubique
843 2176 919 2226 enim
937 2193 983 2226 eos
1002 2194 1062 2230 esse
1081 2179 1171 2231 maui-

69 2268 72 2279 ·
135 2245 238 2296 festum
256 2251 310 2296 cst:
332 2252 363 2296 ut
379 2244 471 2295 Mater
489 2244 585 2309 deum,
609 2245 687 2295 cuius
703 2253 821 2312 potestas
837 2243 867 2294 in
885 2245 1012 2296 omnibus
1030 2248 1106 2299 zonis
1122 2255 1172 2299 est.

134 2313 208 2364 Nam
231 2314 294 2365 ideo
318 2321 347 2364 et
362 2313 454 2365 Mater
471 2314 553 2364 deum
571 2314 685 2377 dicitur,
710 2314 783 2381 quod
806 2329 872 2362 cum
897 2314 1025 2367 omnibus
1047 2323 1090 2366 est
1111 2317 1172 2369 eius

134 2385 289 2432 communis
306 2389 432 2449 potestas.
465 2381 518 2432 Alii
536 2399 697 2433 communes
715 2384 780 2433 deos
797 2381 904 2446 volunt,
928 2382 1034 2448 Solem,
1049 2383 1171 2452 Lunam,

133 2449 294 2516 Plutonem,
316 2451 446 2501 Martem.
482 2450 518 2500 Hi
541 2452 616 2503 enim
634 2450 707 2519 apud
726 2467 820 2503 omnes
837 2451 963 2503 homines
984 2452 1172 2519 invenitmtur,

134 2526 161 2570 et
178 2527 241 2570 sunt
256 2521 285 2570 in
304 2520 431 2569 omnibus
447 2519 536 2570 terris.
570 2521 649 2573 Prior
666 2528 762 2570 tamen
777 2534 869 2572 sensus
887 2527 915 2570 et
931 2520 1045 2587 simplex
1065 2530 1120 2587 est,
1138 2529 1168 2575 et
1185 2542 1190 2553 ·

69 2612 73 2623 ν
132 2588 221 2654 magis
245 2596 324 2657 aptus
347 2588 467 2656 negotio.
485 2614 519 2624 -
561 2595 621 2646 119.
646 2591 720 2639 Aras
743 2589 921 2655 gramineas}
945 2589 1067 2642 Romani
1091 2591 1170 2643 enim

133 2657 219 2707 moris
242 2659 334 2708 fuerat
356 2657 486 2726 cespitem
511 2675 575 2711 arae
601 2675 684 2728 super
707 2657 869 2725 imponere,
892 2665 919 2708 et
941 2659 980 2712 ita
1003 2659 1170 2713 sacrificare.

63 2783 68 2796 .
135 2724 305 2776 Gramineus
328 2735 421 2778 autem
445 2725 523 2792 ideo,
547 2727 612 2794 quia
636 2736 664 2778 et
687 2726 810 2777 debello
836 2742 880 2776 res
904 2727 1011 2795 agitur,
1035 2735 1064 2779 et
1080 2729 1170 2782 Mera

131 2794 307 2853 sacrificatur.
324 2796 369 2846 cui
386 2811 502 2864 gramen
520 2803 560 2847 est
576 2803 781 2847 consecratum:
798 2794 872 2863 quod
882 2798 1034 2847 secundum
1045 2796 1170 2851 Plinium

130 2864 161 2914 in
178 2863 304 2915 Naturali
320 2864 439 2915 Historia
457 2881 488 2914 ex
505 2865 628 2916 humano
646 2880 744 2915 cruore
761 2871 930 2932 procreatur.
967 2864 1091 2917 Gramen
1118 2884 1169 2932 eu-

81 2970 84 2975 .
130 2940 190 2982 tem
206 2933 310 2985 herbae
327 2933 431 3001 species
449 2941 503 2997 est,
519 2934 584 2985 lieet
601 2935 689 2984 omnis
706 2933 795 2983 herba
811 2950 928 2998 gramen
944 2942 1072 2986 vocetur:
1095 2937 1168 2992 sicut
1205 2978 1209 2985 .

130 3001 231 3065 robur,
256 3018 338 3054 omne
357 3002 478 3070 lignum,
501 3019 567 3053 eum
584 3003 620 3052 sit
637 3010 664 3053 et
681 3001 794 3068 species.
827 3000 995 3068 Fontemque
1015 3006 1167 3074 ignemque

124 3069 272 3137 ferebant‚·
290 3071 401 3138 fontem
426 3086 477 3137 pro
495 3089 567 3139 equa
589 3072 695 3140 posuit,
718 3087 734 3120 a
759 3078 815 3120 toto
833 3079 949 3139 partem.
983 3072 1053 3124 Sane
1073 3076 1108 3126 ad
1123 3077 1168 3128 fa-

129 3139 226 3190 cienda
243 3140 356 3192 foedera
372 3139 503 3206 [semper]
523 3157 594 3208 aqua
611 3148 639 3191 et
655 3139 726 3207 ignis
743 3138 918 3190 adhibentur.
952 3141 1030 3192 Unde
1047 3151 1166 3197 econtra

127 3223 195 3274 quos
219 3225 314 3259 arcere
339 3210 462 3258 volumus
479 3228 496 3260 a
513 3217 607 3260 nostro
625 3207 779 3274 consortio,
806 3208 844 3258 eis
861 3226 933 3276 aqua
951 3217 979 3260 et
993 3210 1053 3278 igni
1078 3212 1180 3264 inter-·

127 3272 257 3341 dicimus,
273 3276 291 3327 i.
312 3295 335 3328 e.
352 3277 435 3329 rebus
454 3279 552 3343 quibus
570 3277 707 3328 consortia
724 3277 899 3344 copulantur;
917 3279 1047 3344 [adhaec
1066 3289 1166 3334 autem

85 3355 90 3359 '
127 3361 200 3412 aqua
223 3345 357 3397 desertis
382 3345 503 3397 fontibus
525 3346 585 3414 peti
608 3344 693 3410 solet]
711 3372 746 3382 —-
788 3353 848 3402 120.
872 3345 1057 3417 Velatillino3
1083 3352 1165 3419 etqui
1205 3410 1208 3417 Ι

125 3413 242 3467 Fetiales
260 3423 290 3466 et
306 3415 510 3484 Paterpatratns
527 3433 577 3484 per
593 3430 661 3481 quos
678 3413 751 3465 bella
768 3414 810 3465 vel
826 3415 939 3467 foedera
956 3416 1164 3471 confirmabam·

123 3489 184 3546 tur,
200 3498 343 3551 nunquam
361 3484 510 3535 utebantur
527 3484 645 3534 vestibus
661 3483 747 3535 lineis.
783 3483 867 3549 [Adeo
885 3492 978 3536 autern
996 3503 1012 3537 a
1029 3486 1163 3540 Romano

124 3551 181 3601 ritu
198 3551 320 3602 alienum
338 3560 386 3617 est,
403 3560 434 3602 ut
450 3567 515 3602 cum
528 3552 680 3603 Flaminica
696 3558 766 3604 esset
782 3552 892 3603 inventa
910 3553 1032 3605 tunicam
1047 3557 1164 3608 laneam

124 3620 186 3670 lino
203 3620 331 3672 habuisse
347 3629 500 3685 consutam,
515 3620 686 3675 constitisset,
697 3621 733 3670 ob
748 3636 810 3671 eam
822 3638 933 3672 cansam
946 3622 1088 3691 piaculum
1102 3643 1163 3680 esse

45 3698 48 3711 ·
125 3688 321 3753 commissum]
355 3689 433 3740 Unde
448 3689 577 3751 dicimus,
602 3705 697 3740 errore
715 3691 833 3751 factum,
855 3699 885 3740 ut
901 3691 976 3742 linea
992 3694 1077 3744 vestis
1094 3711 1162 3747 con·

123 3765 168 3808 tra
186 3773 295 3809 morem
313 3757 492 3809 adhiberetur
509 3758 544 3808 ad
561 3757 683 3822 foedera,
701 3776 771 3826 quae
788 3759 869 3808 firma
884 3759 980 3810 futura
996 3778 1052 3812 non
1071 3772 1162 3817 erant.

122 3825 228 3876 Scimus
245 3827 335 3888 enim,
352 3828 405 3877 hoc
423 3827 524 3894 ubique
541 3842 651 3878 servare
669 3827 830 3893 Virgilium,
849 3835 878 3877 ut
894 3828 976 3879 rebus
995 3831 1094 3898 quibus
1111 3833 1176 3887 rte-1

122 3896 271 3962 negaturus
290 3903 331 3946 est
349 3896 464 3958 exitum,
487 3896 533 3946 det
550 3894 635 3946 etiam
653 3895 764 3947 infirma
782 3897 925 3965 principia.
961 3897 1051 3950 Sinin
1069 3900 1160 3954 Thra-

121 3965 165 4014 cia
182 3963 321 4014 civitatem
339 3964 458 4016 condens
476 3966 597 4027 Aeneas,
616 3980 700 4031 quam
718 3982 782 4015 mox
800 3968 890 4016 iirerat
907 3966 1066 4034 relicturus,
1093 3986 1160 4022 con·

120 4040 165 4084 tra
189 4047 298 4084 morem
320 4033 377 4084 lovi
401 4033 435 4086 de
459 4040 538 4085 tauro
562 4033 729 4087 sacrificavit.
772 4033 815 4085 Sic
839 4043 966 4088 senatum
991 4037 1027 4090 ad
1049 4039 1167 4107 privata¹
