2288 4514
154 295 195 337 n
218 274 380 338 vucn..
403 272 562 335 bucon.
586 274 678 346 vui.
695 277 859 373 ¹es-ov.
966 274 1030 345 153

44 485 58 502 ¹·
82 466 200 519 torum
213 476 312 513 manus
325 459 480 525 involasset,
516 458 566 511 etit
582 458 619 510 eb
637 458 675 509 eis
687 457 789 522 arion,
805 463 837 507 ut
853 454 904 506 sibi
922 454 1031 508 cithara

30 548 83 584 ,ιι
105 522 226 595 li‘ceret,
247 530 402 599 quodcum
421 528 457 595 ab
480 477 532 579 iliis
569 527 715 580 ermissum
732 534 816 590 esset,
840 523 874 575 ad
892 525 948 577 eius
965 542 1031 577 can·

40 614 100 657 ,ιιι
118 613 278 651 convenere
296 596 446 665 delphines.
479 600 506 647 Is
532 546 579 647 nii
603 596 711 648 somnio
735 594 820 645 fidem
837 594 940 645 factam
956 593 1031 659 vidit,

97 684 115 718 e
132 682 165 719 se
182 666 387 737 praecipitavit,
412 676 439 717 et
465 674 591 735 exceptus
608 665 651 716 ab
669 680 724 714 uno
742 662 886 732 delphine,
908 663 943 713 ud
960 663 1031 715 Tae·

42 741 44 748 ’
67 763 79 777 ··
108 735 268 787 Laconicae
286 734 507 804 promontorium
527 740 668 801 provectus
685 740 740 795 est,
758 732 852 800 ibique
870 731 904 782 ad
922 742 1031 781 memo*

41 807 52 842 ²
76 818 200 857 casuum
214 820 330 855 suorum
351 804 502 871 intemplo
520 802 650 872 Apollinis
667 799 789 869 delphini
812 798 892 867 signo
909 794 1031 861 insideri*

68 888 99 927 se
122 888 191 923 curn
214 872 321 925 cithara
345 871 443 941 posuit
481 871 585 922 Exinde
609 869 775 922 Corinthum
802 869 886 950 petit,
915 862 1031 941 etQ-tini·

82 941 216 995 sanavit
233 942 282 993 'in
304 948 431 1010 tempora
449 947 542 992 eutem
566 939 620 990 hoc
638 939 724 991 etiam
748 954 838 1000 nevis,
861 934 1030 1007 inq'ua'na-

76 1037 86 1054 -s
99 1018 138 1075 at,
153 1026 221 1063 cum
237 1008 441 1063 insidiatoribus
456 1008 620 1078 supervenit,
636 1024 704 1077 quos
721 1022 786 1058 cum
801 1006 860 1057 Rex
877 1006 911 1059 de
927 1005 1031 1058 Arione

41 1079 63 1120 ἰ
82 1105 85 1123 ι
127 1086 167 1145 t,
188 1078 284 1147 illique
300 1094 366 1130 eum
384 1084 526 1127 mortuum
544 1077 742 1139 mentirentur,
785 1075 880 1126 reduci
897 1075 1038 1127 Arionem·

45 1144 60 1223 ,⁰
79 1146 178 1217 ,ipsos
194 1156 289 1199 autem
306 1147 383 1197 cruci
399 1144 497 1211 adfigi,
513 1145 559 1195 sed
577 1144 672 1215 Apollo
690 1152 748 1196 tam
765 1094 926 1215 delphinum
944 1148 1031 1213 quam

67 1230 129 1267 am
153 1218 192 1269 ob
217 1231 344 1267 amorem
366 1214 474 1266 Arionis
498 1214 570 1264 inter
595 1214 685 1266 sidera
707 1212 874 1280 collocavit]
901 1237 935 1251 —
986 1218 1030 1273 66.

40 1282 44 1289 ’
60 1288 171 1351 inas;
190 1302 244 1335 nas
259 1285 324 1344 ideo
340 1282 429 1335 brevis
447 1290 502 1345 est,
518 1282 583 1349 quia
600 1282 709 1335 Graeca
725 1282 871 1335 declinatio
890 1289 944 1346 est,
960 1279 1031 1333 siout

20 1355 217 1419 ·10,397.):
239 1353 366 1404 Arcadas
391 1367 523 1401 accensos
550 1353 668 1403 monitu.
709 1352 783 1403 Nam
807 1352 901 1403 omnia
919 1351 1030 1404 Graeca

61 1420 131 1489 ina,
146 1440 222 1492 qivae
242 1420 411 1473 nominativo
435 1418 535 1487 plurali
558 1420 597 1469 Es
622 1419 824 1484 terminantur,
848 1427 878 1471 ut
901 1420 1030 1485 Arcades,

68 1490 152 1557 ἐς,
182 1489 317 1552 Naiades,
346 1488 530 1543 accusativum
558 1488 694 1559 pluralem
717 1489 879 1559 corripiunt.
903 1516 938 1526 -
985 1496 1030 1547 58.

39 1589 40 1594 =
64 1562 113 1613 nie
131 1560 177 1613 oei
195 1561 318 1611 medium
329 1556 388 1627 fiat
403 1575 494 1619 mam
509 1564 566 1623 aut,
583 1557 672 1611 omnia
688 1566 762 1609 terra
780 1558 923 1625 operiatur
940 1556 1031 1609 flucti-

27 1693 28 1696 ,
69 1629 213 1694 maximis,
238 1634 269 1679 ut
292 1626 362 1680 nihil
381 1625 417 1678 sit
437 1625 490 1678 nisi
514 1642 607 1689 mare,
631 1634 679 1678 eut
700 1626 824 1677 medivun
847 1621 926 1689 pios.-
953 1634 1032 1695 optat

54 1698 289 1751 ¹=.contusione1u
312 1692 536 1758 elementorum]
584 1695 676 1747 Viuite
699 1697 806 1760 siloae,-
830 1696 925 1747 valete.
965 1695 1030 1747 Non

45 1789 64 1811 v·
86 1766 163 1819 liene
181 1766 301 1835 optantis
317 1771 374 1829 est,
390 1763 438 1815 sed
454 1762 645 1815 renuntiantis.
661 1792 697 1801 —
732 1769 774 1822 59.
805 1762 936 1831 Praeceps
954 1766 1030 1816 a'e'rit'

31 1891 34 1900 λ
54 1836 108 1889 is
125 1836 161 1887 vie
179 1835 334 1895 mortisia
353 1833 446 1883 undas
463 1830 597 1900 Deserat3
622 1832 690 1884 ordo
714 1840 770 1885 est:
831 1849 929 1900 aeceps
955 1832 1032 1885 deie-

21 1965 22 1968 ,
60 1904 90 1957 in
105 1903 193 1957 midas
212 1903 246 1957 de
260 1902 369 1973 specula
386 1901 456 1954 aerii
474 1901 583 1953 montis.
620 1900 739 1969 Quidam
763 1900 815 1953 hoc
837 1901 900 1953 ideo
924 1900 1031 1953 dictum

71 1980 107 2039 t,
137 1972 215 2041 quod
238 1971 311 2053 apud
333 1971 475 2023 Leucaten
498 1968 571 2020 soliti
594 1979 675 2021 erant
697 1987 726 2022 se
750 1970 952 2051 praecipitare,
981 1970 1031 2039 qui

22 2043 26 2048 ’
58 2056 119 2095 suos
135 2049 267 2111 parentes
283 2043 410 2093 invenire
428 2037 592 2108 cupiebant,
609 2048 656 2089 aut
671 2055 763 2091 amari
780 2039 816 2091 ab
834 2038 876 2091 his
893 2038 1036 2092 desidera-¹
1118 2056 1121 2061 ’

68 2148 79 2177 ,
99 2126 169 2179 quos
194 2107 345 2190 amebpnt]
361 2134 396 2189 -5
431 2114 480 2190 60.
497 2106 658 2158 Extremum
682 2108 735 2160 hoc
759 2126 864 2159 munus
882 2110 1031 2161 morientis

12 2174 1033 2316 ...unuh‚¹urttbvuu.tututitur
1105 2232 1107 2237 ψ

41 2343 43 2354 ·
71 2334 154 2369 nrum
176 2317 231 2369 hoe
252 2330 353 2377 munus
376 2330 472 2364 meum
495 2312 613 2379 habeto,
643 2317 717 2383 quod
746 2314 881 2380 moriorn]
904 2341 939 2352 -
985 2321 1032 2374 62.

99 2386 217 2439 Damon
223 2408 234 2449 ς
252 2380 332 2437 deest
344 2385 434 2448 ateis,
449 2382 491 2434 vel
509 2380 629 2449 cecinit]
643 2411 679 2422 -
712 2391 756 2443 63.
774 2384 869 2436 Dicite
889 2382 1031 2449 Pierides,

14 2461 18 2466 ”
60 2493 62 2496 -
78 2456 192 2515 ammos
209 2453 293 2523 erigit
307 2452 480 2505 auditorum:
496 2451 626 2507 diceudo:
642 2450 793 2523 Superiora
807 2461 945 2523 utcunque
957 2454 1033 2506 dicta

25 2586 29 2591 Ι
48 2540 73 2585 ις
95 2523 255 2593 sequentia,
276 2522 388 2575 nonnisi
405 2538 423 2571 a
439 2520 598 2572 numinibus
615 2529 747 2588 poterunt
764 2538 794 2573 ex
814 2522 913 2575 lauari.
959 2521 1032 2575 Sane

56 2592 192 2647 debemus
214 2590 343 2659 accipere
384 2596 490 2641 setores
513 2589 564 2640 hos
585 2593 708 2654 referre,
731 2541 813 2657 quod
830 2591 976 2659 aliquando
1000 2591 1032 2645 in

10 2722 12 2727 ,
44 2689 50 2703 »
72 2685 100 2707 ·ιἸ
126 2662 283 2714 audierunt.
315 2606 395 2710 Unde
412 2665 441 2710 et
456 2658 581 2724 superius
604 2660 656 2709 ait:
683 2661 780 2726 Incipe
796 2659 960 2713 Maenalios
978 2677 1032 2711 me·

9 2738 61 2789 ms
77 2750 137 2783 meo
155 2732 227 2781 tibia
244 2746 359 2792 versus,·
385 2727 421 2795 [i.
438 2744 462 2777 e.
480 2727 644 2791 Arcadicos]
680 2727 747 2781 Nem
767 2731 862 2780 omnio
880 2745 1032 2797 possumus

9 2812 108 2865 κως
124 2800 166 2851 sic
179 2799 278 2850 Cicero
297 2802 358 2865 (pro
371 2796 508 2847 Muraena
526 2796 596 2861 22.):
616 2796 710 2847 Unum
723 2801 862 2849 sustinere
880 2800 928 2848 vir
946 2799 1034 2865 pauci

9 2880 132 2933 perunte
158 2880 306 2934 utrumque
332 2882 420 2915 nemo.
444 2890 479 2901 —
522 2868 564 2921 64.
591 2865 684 2935 [Effer
709 2884 830 2933 aquam,·
856 2865 902 2919 hic
927 2865 1034 2923 inducit

9 2938 160 3013 primm,
182 2936 268 2989 saeris
285 2934 450 3005 quibusdam
474 2942 680 3001 pervertentem
704 2943 828 2991 mentem
845 2937 994 3003 amatoris,
1016 2954 1035 2995 a

9 3018 56 3075 {w
74 3004 267 3077 spernebatur.
301 3003 388 3055 Molli
405 3005 492 3069 νίκας
516 3002 596 3056 lanea
619 3004 731 3060 scilicet.
748 3032 781 3045 v-
816 3010 859 3067 65.
882 3005 1033 3063 Verbanus-

9 3090 68 3144 μσς
82 3074 221 3130 verbenae
237 3072 367 3125 dicuntur
383 3070 502 3139 virgulta
519 3087 590 3139 quae
607 3089 719 3144 semper
734 3074 823 3129 virent
839 3073 952 3125 iucundi
970 3075 1036 3127 odo-

9 3142 49 3195 ἢ.
76 3144 132 3197 Alii
144 3144 282 3197 verbenas
299 3139 417 3207 virgulta
440 3140 570 3208 religioni
586 3150 659 3210 epta.
693 3142 745 3197 Alii
768 3142 880 3212 proprie
900 3143 1037 3199 olivarum

9 3224 100 3265 m.
133 3212 209 3263 Nam
231 3212 296 3263 ideo
314 3217 344 3262 et
360 3210 482 3275 pingues
506 3211 560 3274 sit,
583 3210 707 3278 quamvis
730 3212 783 3263 boc
801 3213 879 3265 etde
896 3213 989 3280 palma
1006 3221 1037 3269 et

11 3276 131 3335 &hmo
148 3282 203 3333 dici
219 3279 313 3348 possit.
347 3278 401 3328 Alii
425 3293 520 3330 rorem
537 3281 680 3335 marinum
697 3278 806 3345 dicunt,
830 3284 922 3335 omniu
939 3291 1037 3337 tamen

11 3344 71 3403 he
92 3365 108 3399 a
132 3348 271 3401 viriditate
294 3347 431 3399 verbenae
455 3346 654 3417 appellentur.]
697 3348 798 3413 Adolep
823 3350 957 3414 incende,
987 3350 1037 3407 sed

16 3412 64 3473 η’
84 3414 257 3489 ειῗφημισμδν
275 3415 390 3480 dicitur,
407 3432 473 3467 narn
492 3417 571 3468 adole
589 3426 631 3471 est
646 3433 724 3483 euge.
757 3418 909 3539 {Pinguem
935 3421 1039 3473 floren·

16 3490 61 3553 h,
86 3489 216 3542 virentes.
263 3485 399 3537 Mascula
423 3483 523 3549 tbura;
552 3503 624 3553 quae
653 3486 682 3537 in
707 3502 755 3540 mo
776 3504 823 3540 um
847 3489 1038 3545 testiculorum

17 3564 73 3611 tort.
93 3580 128 3595 -
172 3563 217 3616 66.
242 3555 399 3621 Coniugi„
430 3552 505 3620 apud
529 3555 709 3609 Theocritum
739 3571 795 3607 non
821 3558 959 3625 coniugis,
989 3557 1039 3611 sed

20 3620 87 3677 steni
101 3623 300 3678 adidescentuli
317 3637 436 3695 persons
452 3621 560 3687 subest,
584 3626 655 3679 sicut
670 3641 754 3694 supra
771 3625 876 3679 dictum
895 3625 955 3695 est]
988 3627 1038 3677 So·

21 3704 62 3743 los
81 3712 195 3759 sensus3
219 3692 286 3763 [qui
309 3690 393 3742 modo
417 3689 478 3742 sani
501 3691 596 3755 sunt,]
618 3691 637 3747 i.
654 3711 677 3749 e.
702 3710 759 3749 non
783 3703 916 3746 amentes.
959 3694 1039 3747 Unde

21 3768 101 3813 nune
115 3770 239 3817 amantes
264 3762 374 3813 insenos
397 3775 534 3812 vocamus.
568 3759 705 3828 [Magicis
722 3765 829 3829 sacris3
852 3762 951 3831 quibus
974 3764 1041 3815 alie-

22 3838 105 3883 netur
121 3831 207 3901 animi
223 3831 347 3903 quadam
364 3827 491 3880 violentia
510 3828 546 3880 ah
563 3829 621 3895 his,
638 3831 686 3898 qui
704 3847 802 3882 eorum
819 3846 900 3883 usum
917 3829 1041 3896 habent]

23 3896 255 3965 revertentem,
279 3917 296 3949 a
313 3896 430 3951 sanitate
447 3904 571 3951 mutare:
595 3908 642 3951 aut
658 3908 782 3953 avertere
800 3901 854 3962 ait,
870 3909 1042 3969 pervertere,

24 3970 48 4015 lt
64 3968 96 4019 tit
115 3975 222 4023 mutata
244 3963 429 4039 praepositio,
453 3968 514 4045 [aut
529 3975 606 4022 certe
629 3967 658 4019 in
677 3984 724 4019 me
742 3977 911 4021 convertere.
928 3995 961 4009 «-
996 3975 1041 4025 67.

24 4026 157 4105 &serim
178 4053 263 4093 coner
268 4074 279 4107 ,
294 4034 429 4109 probem,
452 4034 596 4111 incipiam.
629 4036 752 4107 Serus,-
776 4038 830 4095 hoc
847 4045 889 4093 est
905 4037 1042 4109 animum,
