2288 4514
105 222 148 334 aa
216 208 224 229 ”
327 188 505 300 ‘sarva
528 208 902 341 couuauvamus

86 420 167 478 'mtts
191 432 219 474 ot
242 426 381 476 secundus
407 418 465 490 ilii,
488 425 516 477 ei
539 417 678 474 secundus
706 420 741 473 ab
767 418 827 470 illo.
850 445 886 458 -·
935 421 1000 476 442.
1023 415 1046 482 [l

106 495 213 544 Aeneas
230 506 325 557 aaran·
342 499 438 544 contra
453 491 534 544 illud:
559 492 642 543 Illum
661 494 755 558 aspice
773 499 887 550 contra,
905 487 967 554 Qui
985 504 1046 537 vaca

105 566 168 620 443.
187 554 245 614 Nea
261 560 390 612 Drances
406 569 473 623 etc.;
491 575 582 612 sensus
600 562 714 610 obscure
732 556 846 625 quidem
863 557 968 620 dictus,
984 556 1030 607 sed

104 638 136 683 'et
147 623 200 698 'titii
217 629 250 682 de
267 647 317 680 usu
333 646 474 697 nunquam
490 630 608 680 recedat.
643 628 714 678 Nem
730 629 771 678 ita
788 625 851 676 irati
863 626 898 676 de
915 625 1046 675 inimicat

107 697 307 750 consuevimus:
330 697 417 749 Abest
439 698 572 764 (tamen),
601 714 652 748 nec
676 697 755 747 bouis
780 694 850 745 meis
873 711 925 745 nec
949 693 1027 744 malis

105 766 306 831 intersittnolo
324 766 358 816 sit
374 773 422 816 aut
439 781 518 818 ureae
535 767 671 834 particeps
689 762 808 832 gloriae,
826 763 920 813 autin
938 778 985 813 me
1003 763 1046 811 inv.

106 850 138 886 ex
160 830 327 885 iutelieiteu's
350 835 544 886 commuuione
569 842 747 885 corrimoveat.
782 835 858 883 Sicut
880 845 955 881 nunc
974 829 1045 882 deIl

106 897 186 954 dicit:
210 901 274 953 Sive
292 912 332 952 es't
349 902 416 953 haec
434 907 479 953 ira
497 904 625 966 dearum,
650 915 733 952 morte
753 892 869 961 tumel.
887 917 925 950 e.:
951 899 979 948 bi
996 915 1046 964 per:

106 984 167 1021 sum
187 972 243 1036 ⁴(al.
265 973 289 1021 si
313 972 484 1036 pereundum
508 979 549 1022 est
570 971 711 1021 iracundia
733 969 881 1034 deorum),
913 967 979 1018 nolo
1001 966 1046 1016 inv:

106 1039 252 1104 sustinere,
275 1038 296 1087 si
315 1040 436 1091 Drances
459 1040 561 1106 pariter
585 1041 655 1088 sorta
681 1039 824 1089 moriatur.
857 1037 886 1088 Si
902 1051 970 1087 varo
987 1052 1031 1086 me

106 1114 135 1158 et
151 1107 239 1174 gloria
256 1107 474 1172 comitabuntur,
497 1107 561 1158 nolo
578 1107 689 1172 ignavus
712 1107 849 1157 felicitatis
865 1105 974 1156 alienae
998 1104 1032 1153 sit

105 1189 184 1244 ceps,
199 1173 222 1225 si
238 1176 305 1228 dum
321 1176 391 1226 meis
408 1185 512 1245 pugnat
528 1174 669 1242 auspiciis,
685 1176 757 1227 forte
773 1181 922 1244 superaret.
956 1172 1046 1238 [Aliis

106 1236 222 1312 cipiunt:
251 1246 309 1294 sive
327 1256 367 1295 est
384 1244 450 1294 haec
469 1247 513 1295 ira
532 1245 660 1307 deorum,
683 1251 760 1308 uter,
781 1243 884 1310 inquit,
901 1249 1015 1294 eventus
1031 1257 1046 1292 e,

104 1325 200 1378 pugna
222 1311 368 1380 sequetur?
391 1313 432 1364 vel
447 1313 499 1365 'ira
521 1311 637 1364 deorum
660 1309 683 1360 si
706 1312 813 1374 vincar,
836 1310 878 1362 vel
895 1309 985 1378 gloria
1002 1311 1046 1359 siv

105 1378 178 1431 milii
200 1381 289 1450 potius
314 1392 400 1449 quam
422 1381 526 1432 Dranci
550 1378 731 1433 adscribatur.
770 1378 836 1445 allii¹
851 1379 904 1430 sic:
936 1396 988 1430 nec
1009 1378 1046 1444 Ili

41 1447 49 1465 ⁸
106 1446 195 1514 potius
212 1448 235 1499 si
251 1450 423 1516 peretmdum
440 1457 481 1500 est
497 1451 539 1501 ira
557 1449 672 1500 deorum
689 1455 794 1514 pereat,
811 1454 859 1498 aut
875 1445 1046 1497 sivinccndu

105 1515 223 1634 {loriam
235 1526 423 1585 consequatur.
439 1544 472 1556 -
506 1521 567 1575 445.
584 1517 634 1567 lili
651 1515 718 1565 liaeo
736 1519 809 1567 inter
825 1533 870 1580 se‚·
889 1523 937 1566 aut
947 1530 1046 1564 conimv

130 1581 212 1648 atini,
226 1592 282 1650 ¹ttut
297 1585 418 1638 Drances
441 1590 471 1638 et
486 1583 614 1649 Turnus]
649 1584 885 1648 (lustramus,
909 1582 1046 1650 aciemque'

106 1652 201 1716 vebum
225 1651 245 1704 i.
261 1670 284 1705 e.
302 1654 420 1707 ducebat
441 1655 603 1718 exercitum:
627 1660 659 1702 ut
681 1657 724 1718 (3,
742 1653 829 1714 still:
852 1652 914 1703 Nos
932 1665 1046 1702 castrat

107 1736 177 1770 mur.
211 1720 337 1772 Lucanus
361 1728 410 1788 (5,
427 1722 512 1783 375.):
535 1721 711 1771 Brudusiurn
737 1723 853 1771 decimis
878 1720 1034 1787 (L.·denis)

106 1787 179 1838 hana
197 1791 467 1857 attingere'castrir,
489 1790 508 1840 i.
526 1807 550 1840 e.
574 1789 683 1840 decima
699 1790 871 1840 deductione
890 1813 922 1826 -·
957 1792 1047 1858 453.[

108 1872 212 1922 manu5
234 1874 300 1909 nam
323 1865 433 1925 praeter
456 1869 564 1921 vocem,
590 1866 698 1925 gestum
723 1858 807 1908 etism
831 1856 982 1923 flagitantis
998 1871 1045 1926 exp

88 1935 158 1993 ,uec
175 1934 216 1976 est
231 1927 402 1992 superfluum
419 1925 529 1989 uranu,
546 1934 577 1975 ut
594 1926 707 2004 quidam
723 1924 833 1989 volunt]
866 1925 972 1976 Fremit
990 1944 1046 1977 arm

107 2004 222 2057 ventum
246 1994 358 2061 [expetit
376 2002 403 2045 et
419 1991 574 2056 absoluta]
597 1986 654 2045 a'e.
678 1992 731 2044 hoc
750 1993 912 2061 fremebant
936 2013 1016 2045 orma
1034 1999 1046 2060 (.

106 2061 215 2123 Μαι),
232 2068 261 2112 et
271 2061 398 2112 militaris
408 2075 456 2111 vox
470 2067 558 2113 est-
591 2065 653 2120 454.
670 2061 819 2123 Mussant;
834 2063 918 2113 modo
931 2073 1046 2130 queriurt

106 2125 167 2186 255.
185 2128 326 2178 Disseusu
342 2130 448 2190 varior
466 2122 606 2180 alii'enim
623 2130 712 2180 Turni
729 2128 815 2194 dicta,
837 2131 884 2181 alii
901 2130 1046 2202 Drancis‘q

106 2196 182 2249 bant.
198 2222 232 2233 -
265 2201 327 2253 457.
346 2197 492 2249 Pisoasovs
510 2214 591 2248 amne
609 2197 751 2260 Padusae3
777 2193 897 2248 Padusa'
914 2216 979 2268 pars
1003 2209 1044 2252 est

47 2266 53 2281 ¹
105 2260 179 2316 Nam
194 2264 281 2315 Padus
298 2265 362 2316 licet
378 2281 447 2325 unus
464 2266 499 2315 sit
514 2265 627 2328 fluvius,
649 2267 736 2319 habet
758 2275 853 2319 tamen
877 2268 982 2319 fluenta
1007 2269 1046 2336 plv

106 2332 237 2400 equibus
255 2340 295 2381 est
311 2333 430 2400 Padum,
445 2332 539 2401 [quae]
556 2334 719 2401 quibusdam
736 2334 801 2386 locis
817 2336 884 2386 lacit
901 2335 1045 2402 paludem,

104 2400 186 2471 plena
204 2408 244 2450 est
260 2416 420 2466 cpgsrorum.
454 2402 517 2469 [Alii
534 2400 639 2451 Padurn
657 2404 744 2454 tribus
761 2405 882 2455 fontibus
898 2406 973 2455 nasci
991 2407 1046 2456 dict

105 2467 205 2548 quibus
220 2469 335 2536 sumpsit
350 2470 511 2520 vocabulum
530 2467 641 2520 Padusa
666 2473 714 2538 qui
730 2471 842 2522 diffusus
863 2471 894 2522 in
911 2475 1046 2525 mollum,

105 2549 135 2587 tn
153 2553 264 2588 amnem
278 2538 424 2603 digeritur:
440 2554 508 2605 nam
524 2537 585 2589 ileo
597 2552 763 2606 perstagaa
781 2538 921 2607 loquacia.
956 2543 1009 2592 Alii
1026 2562 1046 2612 p

106 2603 229 2656 fluminis
247 2604 318 2655 Padi
340 2599 370 2656 in
387 2620 470 2673 qtiam
487 2605 660 2658 descenditur
677 2610 761 2671 fossa,
785 2609 894 2676 Valgius
917 2610 948 2660 in
964 2611 1044 2678 Elegi

105 2668 246 2740 placidam
270 2672 369 2741 fassae
399 2686 454 2740 qua
487 2674 610 2741 iungunt
641 2692 689 2726 ora
720 2672 861 2726 Padusam
885 2676 1046 2745 Nauigati

60 2790 64 2795 ,
98 2738 228 2809 flumina
248 2761 349 2810 magna
369 2740 446 2794 Padi.
481 2734 610 2794 Celerum
628 2744 694 2795 illud
710 2743 894 2813 incongruum
912 2754 967 2811 est,
991 2746 1046 2797 Pad

104 2810 238 2863 feminino
256 2826 358 2878 genere
376 2811 448 2862 iuxta
463 2819 567 2862 veteres
582 2811 688 2860 Padum
701 2811 812 2863 dictum.
849 2814 967 2864 Titinius
984 2817 1014 2866 in
1028 2817 1044 2865 S

109 2876 234 2930 Vidistin
253 2878 408 2932 Tt'herim?⁸
424 2882 499 2943 vidi,
517 2883 566 2945 qui
585 2881 664 2929 illam
684 2881 787 2931 derivet
804 2882 926 2932 beaverit
944 2900 1046 2950 agrum

95 2947 194 3012 ,nural
211 2976 245 2986 —
271 2953 347 3006 458.
366 2947 416 2998 Per
433 2960 534 3016 stagna
553 2949 684 3012 loquacia
709 2951 808 3013 cygni3
830 2950 860 3001 in
886 2948 984 3017 quibus
1008 2953 1044 3007 ha

106 3017 186 3084 cygni
202 3014 338 3085 loquaces.
373 3016 468 3067 Rauai
485 3026 579 3067 autem
596 3011 753 3083 crispiacus
776 3026 826 3069 est.
859 3018 933 3069 Num
950 3021 1035 3071 modo

105 3095 151 3134 rot
174 3085 322 3154 significat:
346 3084 413 3137 alias
434 3085 507 3136 vocis
529 3084 670 3152 pessimae.
712 3086 856 3138 luvenalis:
878 3086 974 3138 Rauei
999 3089 1046 3139 Ti.

107 3148 200 3204 Codri.
234 3150 309 3204 Sicut
326 3169 461 3204 uenenum
486 3155 565 3206 etde
583 3153 656 3204 bono
679 3155 757 3205 etde
781 3155 854 3205 malo
877 3155 993 3223 diciuu,
1017 3166 1046 3209 ut

105 3227 135 3272 et
156 3218 244 3272 bonus
268 3228 297 3272 ct
318 3223 406 3272 malus
426 3229 545 3273 vocatur.
564 3247 596 3257 -
636 3222 697 3279 459.
715 3225 828 3288 Arrepto
847 3234 980 3289 tempore;
1003 3225 1045 3294 [hi

106 3296 185 3341 venta
202 3290 419 3358 opportunitate,
444 3291 471 3358 [i.
491 3310 513 3342 e.
533 3289 734 3341 occasione.·-
768 3295 828 3348 460.
848 3291 944 3358 Cogite
963 3301 1045 3345 conci

106 3356 221 3408 Drancis
238 3357 332 3407 vitium
352 3359 478 3409 onrnibus
496 3359 642 3426 exprobrat
658 3361 731 3425 quod
747 3360 814 3411 belf-i
829 3367 955 3478 tempore
979 3363 1007 3413 in
1027 3380 1046 3413 c

106 3425 283 3489 conveniunt,
307 3433 350 3474 ut·
375 3424 469 3491 Larga
488 3429 599 3492 quidem
618 3445 722 3493 seraper
739 3429 852 3478 Drance
869 3431 892 3478 ti
911 3431 923 3478 i
940 3434 1022 3496 copia
1035 3454 1046 3501 q

107 3493 180 3544 Tum
203 3507 268 3542 eunt
293 3494 364 3544 lrella
392 3509 493 3543 manus
515 3496 660 3561 poscunt]
707 3496 848 3551 Sedenim
871 3496 959 3565 pigri,
983 3507 1013 3547 ut
1037 3508 1046 3562 (

106 3564 192 3623 atti:
209 3562 401 3627 immunisque
419 3564 517 3612 sederis
535 3565 630 3614 aliena
648 3566 684 3614 ad
701 3567 806 3630 pabula
817 3565 917 3631 fucus,
934 3565 988 3631 [vel
1001 3572 1046 3619 sed

106 3630 251 3695 invidiose,
271 3639 303 3680 ut
327 3631 475 3696 (12,15.):
500 3630 617 3684 Sed-eant
641 3647 830 3700 expertemque
854 3629 978 3696 Latini]
995 3663 1030 3672 -—

107 3700 221 3750 Armart'
238 3700 329 3759 editu
351 3698 438 3763 figura
456 3704 510 3763 cst,
528 3698 585 3762 dic,
602 3709 633 3751 ut
649 3712 805 3764 armentur,
827 3701 955 3766 [verbum
972 3705 1046 3754 verb«

106 3766 157 3831 xit,
175 3777 205 3816 ut
222 3773 264 3832 (Ι,
280 3767 351 3827 79.);
370 3768 412 3816 Τιι
432 3768 483 3816 das
502 3769 591 3832 epulis
610 3773 768 3821 accumbere
786 3766 902 3832 divum]
936 3769 1020 3821 Edice
1039 3793 1046 3824 s

123 3835 201 3887 lenus
217 3842 260 3887 est
275 3837 459 3901 imperativus.
493 3835 565 3886 Nam
582 3836 617 3887 ab
636 3840 760 3888 omnium
776 3837 1001 3903 coniugationum
1025 3840 1046 3891 ir

104 3850 228 3957 istricis
247 3922 275 3957 rs
292 3905 389 3957 ultima
406 3903 508 3971 syllaba
524 3904 556 3954 fit
571 3905 761 3977 imperativus:
778 3913 808 3954 ut
825 3922 936 3968 amare,
952 3924 1034 3957 ama.-

108 3989 151 4040 re‚
177 3974 258 4028 docet
284 3974 387 4043 legere,
411 3975 483 4042 leges
507 3974 621 4039 audire,
644 3974 721 4025 audi.
760 3975 945 4028 Cumoutem
956 3975 1044 4041 faov
