2424 4506
136 303 222 371 ,174
413 293 926 399 sanvncounnuramus
991 286 1001 405 ἰ

137 532 140 539 .
157 487 278 539 debeant
291 479 423 554 reparari
456 479 493 531 Ut
509 482 548 534 ait
564 485 647 551 poeta
663 481 697 535 de
713 483 767 551 hqe
783 486 842 556 ipso
859 486 985 542 Aristaeo
1002 486 1049 556 (G.
1063 497 1088 554 2,
1099 486 1150 549 263,¹

160 558 280 624 Tempus
297 566 322 604 et
338 551 456 604 Arcadii
474 554 652 619 memoranda
670 554 784 603 inventa
803 554 940 623 snagistre‘
954 556 1085 610 Pandere.
1114 556 1150 609 cu

158 639 202 679 tar
220 634 313 677 autem
330 637 382 691 pro
399 620 497 673 incola,
531 620 605 673 Gaea
624 635 686 671 vero
703 621 791 674 insula
806 624 837 674 in
853 627 946 693 Aegeo
964 626 1045 678 mari.
1079 624 1150 677 Duru

158 710 202 759 to3
225 695 344 745 frutices.
360 717 395 739 -.-
436 694 477 746 16.
496 687 557 755 Ipse
582 706 680 740 nemus
702 689 834 758 linquens
858 697 984 760 patrium
1002 695 1062 747 Pan
1086 698 1150 747 ooiut

86 766 93 784 ·’
157 775 268 825 oustos;
284 761 415 813 Pindarus
430 756 504 809 Pana
521 774 552 810 ex
569 758 909 829 prudentiamne,
932 764 1007 817 u'nde
1030 764 1106 815 multi
1120 780 1150 831 pa

141 832 244 887 'trium
261 846 312 900 pro
328 826 477 898 paternum
493 827 647 895 accipiunt,
670 843 702 878 eo
720 830 794 895 quod
809 829 867 881 Pan
890 846 947 883 uon
964 834 1049 884 Arcus
1063 832 1107 897 sit,
1121 820 1150 885 nl

156 902 318 966 Ithacesius,
340 906 372 947 ut
395 914 411 948 a
434 903 512 967 patre
534 911 591 947 non
614 912 631 945 e
654 898 743 964 patria
767 913 816 948 vox
839 899 909 951 haec
926 900 1052 954 videatur
1066 900 1150 967 detera

98 962 104 981 '
157 973 221 1043 quia
246 970 275 1020 in
299 966 416 1018 &cedia
440 964 566 1031 genitus]
607 964 756 1032 Saltusque
773 964 893 1034 Lycaei,·
918 971 1020 1022 montis
1041 966 1150 1021 mutia

154 1042 226 1113 [Pan
244 1040 339 1089 ovium
357 1046 465 1097 eustos,·
482 1031 545 1084 ideo
558 1033 644 1102 Lycus
661 1034 717 1086 Pan
735 1034 826 1086 ovium
843 1047 946 1101 eustos,
964 1038 1036 1105 quod
1050 1036 1150 1109 lupestl

155 1111 248 1162 ovium
266 1103 394 1174 gregibus
418 1099 554 1171 depellet]
570 1129 604 1139 -
639 1110 681 1160 17.
698 1102 729 1153 Si
746 1105 814 1168 tr'ds'‚·
838 1105 860 1155 si
878 1104 992 1172 quidem
1012 1105 1077 1169 nte
1095 1106 1150 1157 ttae

155 1172 224 1232 nala
234 1173 350 1245 [autem]
367 1188 445 1224 mons
463 1170 609 1234 Arcadiae:
626 1171 712 1222 dictus
730 1166 784 1225 aiod
801 1169 857 1227 raia
872 1171 975 1241 μήλων,
993 1174 1012 1227 i.
1030 1193 1055 1227 e.
1070 1174 1100 1227 ah
1113 1170 1150 1225 osi¹

154 1248 218 1310 bus,
235 1244 333 1312 quibus
350 1243 444 1311 plenus
462 1246 510 1291 est.
527 1264 560 1275 —
596 1245 638 1296 18
658 1240 794 1308 Tegeam
812 1245 947 1295 vocativus
964 1251 1019 1317 ept,
1031 1242 1058 1295 'a
1073 1238 1150 1297 deriv'a·

153 1317 229 1367 tione
245 1311 363 1380 Tegaei,
386 1308 480 1377 oppidi
496 1306 643 1373 Arcadiae,
665 1317 696 1362 et
718 1310 844 1379 Tegeum
868 1312 1023 1381 tribrachys
1047 1314 1101 1364 est:¹
1114 1310 1150 1362 Te·

153 1400 235 1451 peace
251 1383 343 1433 Paeon
359 1380 463 1430 tertius.
498 1375 633 1443 [Fuscum
657 1395 708 1446 pro
725 1381 822 1431 uolens
839 1388 869 1432 et
911 1398 942 1433 er
959 1382 1013 1433 hoc
1047 1376 1150 1451 rupitimt'

153 1452 257 1504 Favere
281 1450 484 1501 enimveteres
507 1445 592 1497 etiam
621 1447 686 1497 uella
711 1446 843 1500 dixerunt.
886 1399 1002 1503 linniue:
1061 1462 1150 1517 atrones

153 1538 261 1574 moeros
279 1518 415 1584 complent
434 1518 555 1583 spectare
574 1514 719 1585 fauentes,
744 1533 943 1586 nonnunquam
965 1520 1056 1572 favere
1078 1512 1150 1585 etpte'

150 1600 244 1643 tacere
267 1587 391 1658 ponitur,
414 1593 446 1635 ut
467 1582 542 1634 idem
559 1583 683 1643 Ennius:
708 1602 754 1636 ore
770 1585 919 1655 faventes.-
944 1587 981 1638 Et
997 1582 1150 1657 Virgilituia

152 1660 247 1729 quinto
265 1656 345 1724 (71.):
371 1654 427 1704 Ore
446 1652 540 1721 favete
567 1670 669 1702 omnes.
705 1653 843 1719 Oleaeque
861 1654 992 1706 Minerva
1018 1654 1150 1717 inundet

151 1745 185 1781 eo
203 1735 341 1796 tempore,
363 1736 417 1791 quo
439 1721 581 1773 adversum
597 1719 764 1791 Neptunum
789 1723 822 1777 de
845 1724 957 1775 nomine
974 1724 1086 1789 civitatis
1102 1716 1150 1779 ml

150 1796 251 1859 tendit,
268 1792 415 1862 quodiam
431 1790 619 1859 supradictum
637 1799 690 1851 est;
707 1791 753 1843 cui
768 1791 877 1844 fatuae
894 1793 948 1844 hoc
962 1793 1082 1860 additur,
1096 1786 1150 1861 quel

172 1873 297 1931 ostquam
312 1861 436 1913 Minerva
453 1859 563 1910 inventa
581 1859 641 1914 olea
657 1860 817 1931 Neptunum
834 1861 937 1927 vicerit,
954 1862 1066 1931 indigne
1081 1862 1150 1913 ine!

138 1885 368 1994 ltalirrhothias,
399 1927 519 1997 Neptuni
542 1926 627 1992 lilius,
651 1928 724 1981 oleas
748 1929 840 1998 coepit
862 1930 1003 1998 excidere,
1025 1931 1083 1995 cui,
1100 1928 1150 1981 dvm

79 2000 82 2005 ’
150 1998 300 2065 hoc'iaeit,
323 2000 429 2050 ferrum
446 1997 480 2048 de
496 1996 645 2048 montebrio
662 1997 779 2063 decidit,
804 2007 832 2050 et
854 1999 879 2048 ei
902 2007 986 2070 ceput
1008 1996 1150 2067 amputavit!

150 2070 292 2140 Neptunus
308 2082 373 2119 vero
390 2064 483 2117 dolens
506 2064 555 2116 tilii
572 2065 613 2115 eui
631 2066 754 2131 obitum,
778 2067 902 2119 Martem
925 2062 1081 2119 homicidii*

149 2154 282 2207 arguere:
298 2135 362 2186 inde
380 2135 509 2185 affectum
527 2140 581 2195 est,
599 2140 629 2184 ut
644 2134 721 2186 Mars
738 2142 764 2186 et
781 2136 922 2206 Neptunus
939 2138 974 2189 de
990 2136 1043 2188 hac
1058 2134 1108 2191 rei
1136 2132 1143 2145 '

148 2207 222 2258 cium
239 2204 311 2274 apud
327 2202 445 2255 Athenas
463 2202 664 2270 experirentur3
682 2203 754 2256 unde
770 2204 843 2255 locus
862 2205 911 2256 ubi
925 2205 1031 2263 Iudices
1045 2204 1150 2257 sederunt

149 2291 317 2343 areopagos,
344 2271 448 2323 Iudices
478 2271 684 2324 Atheniensium
712 2274 896 2341 Areopagitae
926 2270 1111 2345 appellantur]
1126 2292 1150 2307 -

174 2466 211 2519 16)
240 2468 265 2507 G.
279 2469 334 2506 Pane
347 2464 446 2505 Pindarus
459 2478 484 2503 ex
499 2465 594 2515 Apolline
609 2472 629 2503 et
642 2466 743 2516 Penelopa
762 2467 782 2504 iu
795 2468 853 2518 Lyae
867 2476 935 2506 monte
950 2469 1026 2509 aditum
1039 2460 1150 2515 scithim!

231 2527 338 2575 aLycone
358 2537 403 2573 rego
422 2523 521 2561 Arcadiae
541 2525 608 2560 Locus
628 2523 723 2572 (Lyceus)
745 2537 801 2561 niens
822 2523 892 2562 dietus.
925 2526 969 2564 Atii
988 2541 1014 2565 ex
1032 2524 1149 2565 Menariae

230 2583 331 2630 Penelopa
344 2587 424 2624 natum,
445 2580 537 2619 comitem
551 2581 602 2617 seres
617 2580 697 2617 solitum
712 2594 722 2616 u
738 2581 834 2619 eubilibus
849 2582 936 2620 excitare
952 2590 972 2620 et
984 2584 1031 2621 ideo
1044 2580 1148 2633 crpnpsten

230 2641 345 2689 figuratum,
360 2651 398 2687 qua
412 2636 466 2686 (qno)
481 2637 557 2674 facilins
572 2636 691 2675 ‹leusitatem
705 2651 764 2675 cursu
776 2645 845 2687 posset
859 2641 951 2677 evadere.
980 2641 1048 2679 Cicero
1061 2640 1086 2678 ait
1096 2638 1113 2675 ia
1123 2632 1148 2671 Π·

232 2695 372 2738 verrinarum,
392 2693 460 2730 Liberi
474 2707 516 2730 esse
531 2694 599 2731 iillum.
627 2693 668 2733 Alii
689 2706 734 2732 eum
749 2707 775 2731 ex
789 2695 876 2733 Aethere
892 2703 912 2732 et
925 2697 1019 2735 Iunone..
1033 2696 1148 2746 Apollodoro·

232 2760 274 2799 sine
288 2758 403 2809 parentibus
419 2770 463 2795 eum
478 2756 488 2778 *
503 2755 551 2795 sinit
570 2758 647 2805 (netum
661 2756 736 2807 scribit)
757 2759 851 2808 quomam
870 2759 984 2798 uuiversum
998 2762 1011 2798 i.
1026 2776 1043 2800 e.
1056 2747 1086 2803 Tel
1099 2738 1148 2800 llll!

229 2823 276 2863 huic
295 2825 332 2861 (leo
352 2821 521 2860 attaminatum.
556 2823 644 2866 Cornua,
665 2834 715 2871 quae
736 2822 786 2860 Solis
807 2824 917 2872 Lunaeque
936 2825 1062 2874 designantur
1078 2818 1089 2842 '
1103 2812 1147 2869 P‘ffl'

229 2881 310 2919 maculis
324 2879 423 2923 distincta,
437 2891 486 2928 (lirae
501 2877 576 2915 variam
591 2879 681 2928 designat
693 2879 796 2929 imaginent
811 2879 903 2917 siderum.
931 2882 1015 2919 Inferior
1027 2894 1072 2932 pm
1083 2876 1147 2917 bimus

228 2946 252 2976 ut
264 2938 312 2976 situs
326 2944 397 2975 terrae.
425 2939 474 2975 Cum
488 2936 565 2973 Fistula
580 2941 621 2978 eat,
641 2935 734 2984 ‹puouiam
753 2938 811 2974 flatus
826 2943 931 2975 ventarum
945 2938 957 2959 ¹*
972 2938 1088 2978 exoriuntur·
1109 2930 1146 2971 1⁰·

228 3002 260 3033 tus
275 3008 322 3032 vcro
337 2995 363 3031 ad
376 2992 489 3043 repentinus
504 2993 558 3041 sugas
569 2993 657 3040 passivus
662 3018 669 3037 ,
683 3005 719 3043 pro
734 2993 828 3031 subitaria
844 2994 894 3031 seri·
909 2997 1039 3035 commotione
1052 2995 1070 3044 (a
1083 3002 1104 3027 Ι·
1115 2997 1145 3025 ¹⁰⁶

227 3050 370 3097 contentione).
409 3050 502 3087 Eundem
528 3049 598 3085 velunt
617 3048 677 3085 etiarn
702 3049 781 3086 lanificii
804 3058 937 3099 repertorem,
963 3066 974 3090 a
994 3066 1033 3104 quo
1048 3043 1144 3103 paniculae

227 3108 318 3156 Denique
332 3105 424 3156 Vir-gilius
438 3106 472 3154 (G.
487 3104 512 3150 3,
526 3104 584 3152 391.)
600 3118 624 3142 cx
639 3118 674 3144 co:
693 3107 777 3153 Munere
797 3107 826 3143 sic
845 3107 905 3143 niveo
924 3109 982 3146 lanae
1002 3110 1019 3148 ai
1039 3097 1145 3147 crudae&

226 3177 284 3213 gnum
300 3170 335 3208 est,
349 3164 392 3200 Pan
408 3163 455 3200 deus
470 3162 580 3206 Arcadiae,
595 3168 674 3211 captam
689 3170 720 3206 tc,
736 3165 793 3202 Luna
799 3190 807 3207 ,
822 3162 899 3200 fefellit.
931 3167 1010 3216 Tegeae
1024 3180 1068 3205 voro
1081 3175 1091 3198 a
1103 3154 1144 3195 fleti·

226 3221 306 3259 ratione
322 3226 362 3264 est,
377 3232 427 3269 qirae
443 3226 472 3256 est
487 3221 588 3268 Tegeaeus
603 3232 614 3256 a
629 3220 708 3268 Tegaeo
723 3220 797 3269 oppido
812 3221 918 3258 Arcadiae.
945 3224 995 3261 Item
1009 3226 1083 3275 'regnes
1093 3217 1144 3256 ΑΙΨ

225 3284 269 3322 diae
289 3284 360 3321 civitas
381 3290 417 3321 ete.
431 3304 457 3312 -
484 3285 533 3321 Post
547 3297 580 3320 vv.
601 3291 663 3321 mont.
677 3285 782 3324 Arcadius
800 3287 868 3322 tturm.
891 3286 958 3324 addit:
979 3275 1069 3331 Λῦκος
1086 3283 1143 3320 erare

227 3348 299 3385 dicitur
314 3348 388 3395 lupun
403 3350 456 3385 uude
470 3347 491 3385 in
504 3350 598 3399 Lycaeo,
614 3349 673 3386 saer-is
688 3349 806 3398 quibusdam
821 3351 941 3398 degustatis,
956 3352 1080 3389 vertebantur
1091 3347 1109 3384 51²
1119 3344 1143 3380 ΙΨ

223 3418 272 3454 pes,
293 3411 313 3441 et
326 3411 372 3452 pest
384 3406 453 3441 decem
467 3418 529 3443 annos
544 3407 695 3445 revertebantur
709 3406 729 3443 ln
742 3407 848 3455 pristinum
862 3414 947 3452 statum,
968 3409 984 3446 si
1003 3409 1099 3453 hominum
1109 3414 1144 3439 0¹?-

223 3462 280 3498 nihna
301 3474 341 3555 nep
361 3463 506 3556 νὸεεοὲῗυιητθ
538 3463 595 3500 Haeo
617 3464 689 3502 denuit
707 3464 768 3509 Mes,
791 3463 858 3513 steph.
879 3471 899 3501 ct
912 3467 966 3503 Dan.
985 3477 1006 3503 v.
1019 3464 1109 3505 arsuth·
1125 3460 1145 3499 ‘l

222 3519 312 3566 l'ropert.
345 3542 351 3561 ,
384 3545 391 3563 ,
434 3544 440 3555 .

165 3597 202 3648 18)
231 3602 261 3638 Eo
277 3606 363 3649 tempora
379 3606 415 3635 ete.
431 3600 468 3636 Ga
490 3601 540 3636 Sunt
560 3599 592 3649 qui
608 3599 685 3645 dicant,
705 3601 791 3638 Athenis
805 3603 904 3650 lnolatum
919 3616 962 3640 esse
978 3603 1043 3644 olivae
1060 3614 1145 3643 renunt

223 3657 322 3695 Minerva.
354 3657 405 3693 Sunt
423 3656 455 3705 qni
475 3663 557 3704 putent,
579 3656 617 3694 ulei
637 3658 739 3694 hunrorern
761 3658 834 3695 idcir-eo
854 3659 960 3697 Minervae
982 3662 1094 3713 convenire,
1111 3657 1147 3709 «poia

222 3713 272 3750 nulli
285 3712 350 3762 poscit
369 3712 446 3761 (pessit)
467 3712 555 3757 misceri,
576 3713 702 3762 incorruptus
718 3722 738 3751 et
752 3715 837 3764 integer,
859 3710 999 3766 comparabilis
1019 3719 1088 3769 virgini
1104 3718 1148 3759 den,

223 3784 273 3820 qnae
288 3784 313 3806 ex
332 3783 371 3806 uua
386 3776 468 3817 parente
484 3770 560 3806 dicutur
574 3784 617 3808 esse
630 3772 713 3820 genitu,
728 3786 786 3821 qunu
802 3773 919 3821 soluentium
933 3775 1098 3824 interpretantur,
1114 3773 1149 3810 tir·

222 3835 285 3865 tutem
298 3826 433 3863 inviolabilem
439 3852 445 3870 ,
465 3833 488 3862 ut
502 3828 608 3864 Homerus.
637 3830 686 3864 cnm
708 3842 753 3877 ergo
773 3828 824 3866 inter
838 3830 952 3867 Minervam
974 3838 994 3868 et
1008 3834 1118 3882 Neptunum
1130 3830 1150 3866 dt

221 3892 272 3922 tenu
288 3891 331 3920 aeta
346 3890 398 3920 esset
412 3883 523 3926 contentio,
544 3884 628 3930 primurn
644 3886 735 3923 Minerva
750 3887 770 3923 iu
785 3899 830 3922 arco
844 3887 970 3925 Athenarum
987 3889 1061 3928 ulium
1075 3892 1150 3928 arboren

222 3941 327 3989 protulisse
349 3941 423 3984 fertur,
445 3952 488 3976 enm
509 3941 615 3988 lveptunus
634 3941 695 3979 iratus
716 3944 811 3981 amre-iu
831 3943 933 3980 civitatem
954 3946 1021 3992 misit,
1042 3955 1106 3997 postea
1124 3956 1150 3995 per

220 3998 342 4036 Mercurium
362 4003 441 4046 ragonis
466 3995 545 4035 sedavit
564 3997 693 4037 iracundiam.
731 4001 760 4038 lta
780 4002 860 4039 dematur
879 4001 973 4041 Athenae
993 4004 1054 4044 datae
1073 4011 1115 4045 siuet
1132 4000 1150 4039 al

220 4055 324 4094 victoriam
338 4052 449 4095 urina-vae.
511 4052 514 4057 ’
