2424 4506
92 134 160 196 202
357 117 500 181 stava
520 117 900 197 construximus

92 328 176 376 crim,
189 310 230 363 ite
246 315 279 360 ut
293 306 487 377 navigantem,
509 321 589 358 nosse
607 306 725 361 debere:
750 310 796 377 [ut
812 314 893 366 sicut
909 318 1068 387 navignndi
1082 327 1141 373 ten-

93 398 145 455 pus
163 388 191 432 et
207 387 352 430 ventorum
369 384 450 444 atque
466 383 662 443 tempestatum
679 385 773 429 motus
797 382 848 434 ille
868 402 904 436 ex
928 388 1061 440 siderum
1075 406 1139 441 com·

93 450 232 522 positione
248 447 401 515 cognoscit:
425 447 464 495 ita
482 452 510 495 et
524 445 576 497 iste
599 453 707 527 terram
723 448 839 502 colendi
859 470 998 523 congrus
1016 467 1154 527 tempora·

94 530 123 571 et
140 534 217 569 casus
234 518 368 579 diversos,
384 514 427 565 vel
442 513 540 565 caloris
557 514 675 581 scihoet,
698 515 742 569 vel
758 517 897 587 frigoris,
921 533 977 576 aut
993 526 1137 594 pluvinrnnn¹

94 606 127 641 ex
149 585 233 639 stellis
254 582 406 653 agnoscat]
439 584 576 633 Arcturus
598 591 694 637 autem
714 584 800 638 stella
825 597 871 640 est
895 592 929 643 in
954 594 1038 663 signo
1058 596 1131 649 Boot·

93 665 156 730 past
172 655 420 720 septemtrionem,
443 652 519 711 cuius
537 659 612 702 ortus
628 661 660 705 et
674 668 788 705 oocesus
811 664 1008 727 tempestates
1023 652 1129 733 grrrvien'·¹

93 742 155 778 mes
176 723 313 792 faci[un]t.
353 722 431 773 Unde
455 724 495 773 ait
517 721 631 786 Sidera,
655 722 674 774 i.
697 738 724 775 e.
746 730 955 794 tempestates:
987 740 1019 783 ut
1041 728 1139 800 [aliltil¹

93 796 265 862 (11,259.):
289 792 347 842 seu
370 794 448 842 triste
465 790 611 841 Minervae
636 789 732 844 Sidus.
749 817 786 830 -
828 803 896 854 205.
921 798 1125 869 Hmmmqu

94 866 170 924 dies;
200 860 291 930 [bene
314 869 408 913 antem
431 860 533 913 hoedos
557 862 673 910 Arcturo
695 856 801 923 iunxit,
832 865 886 933 qni
910 874 942 925 gt
966 870 1021 939 jpni
1041 868 1124 941 pluvi„

92 934 214 990 facinnt3
232 939 260 983 et
276 931 342 981 alibi
360 935 402 996 (9,
419 930 504 991 663.);
521 928 700 980 Pluvialibus
717 929 829 982 hoedis.
865 934 1031 1003 Servandip
1047 940 1121 991 obser·
1147 943 1154 1001 ζ

92 999 196 1064 randi]
236 1000 354 1067 Aurigae
376 1001 486 1069 signum
510 1007 550 1050 est
571 998 644 1051 haud
667 997 751 1063 longe
775 1017 794 1051 a
818 999 1043 1074 septemtrione,
1062 1008 1124 1059 attin
1147 1016 1152 1036 ⁵

91 1072 195 1144 pedem
217 1084 283 1118 cum
306 1084 393 1120 cornu
417 1068 490 1119 tauri
514 1084 569 1120 una
590 1067 667 1119 stella
689 1069 850 1136 coniungit:
874 1062 986 1141 [⁸quem
1008 1076 1118 1145 Auriga
1147 1058 1154 1105 3

114 1149 175 1194 ater
191 1138 351 1188 Mercurius
373 1138 446 1190 inter
462 1137 552 1188 sidera
567 1133 685 1200 locavit]
718 1137 771 1187 Hic
794 1139 826 1189 iu
844 1156 938 1194 manu
955 1144 1120 1199 sinistrius
1147 1170 1151 1207 ;

92 1158 215 1272 hoedos,
237 1207 267 1258 in
291 1206 415 1257 humeris
439 1222 554 1275 capram
577 1204 790 1274 [Amaltheam],
812 1224 888 1274 quae
912 1212 1017 1265 aluisse
1038 1212 1118 1279 dicitu
1144 1208 1151 1273 ’ζ

92 1281 197 1331 Iovem.
230 1276 418 1393 §noeriorum
441 1282 577 1339 matrem,
607 1288 675 1342 quos
699 1274 816 1342 quidam
839 1279 913 1331 lovis
946 1282 1117 1333 connitenti·
1142 1284 1154 1296 “’

92 1348 197 1401 dicunt.
249 1361 301 1394 atre
326 1344 452 1395 nonnulli
475 1345 549 1397 harro
571 1344 719 1409 Aurigam,
742 1343 907 1412 Myrtilum,
932 1366 1021 1418 quem
1042 1350 1117 1417 Pelop
1143 1358 1147 1393 ,’

94 1416 212 1477 occidit,
235 1413 388 1482 accipiunt,
409 1414 452 1463 sel
468 1421 543 1464 certe
560 1411 792 1477 Erichthonium,
816 1417 867 1483 qui
889 1425 976 1471 uatus
993 1427 1033 1473 est
1047 1434 1076 1473 ex
1087 1436 1118 1471 st·
1143 1426 1147 1433 '

93 1487 171 1537 mine
189 1481 317 1545 Vulcani,
339 1482 428 1548 quod,
450 1482 518 1533 dum
541 1488 668 1549 stuprum
686 1481 831 1535 Minervae
854 1485 968 1541 inferre
985 1494 1127 1559 canerem·
1148 1500 1150 1505 '

92 1555 165 1608 fudit
188 1551 217 1602 in
241 1551 367 1616 terram]
405 1552 464 1601 Hoc
488 1566 598 1618 qnoque
620 1552 731 1619 signum
754 1559 814 1601 tem
838 1561 1020 1625 ortuquam
1040 1554 1119 1615 ὸοωι,
1141 1612 1146 1619 ,

92 1639 142 1676 suo
161 1620 245 1674 efficit
260 1627 443 1690 tempestates.
477 1619 552 1671 Bene
568 1628 662 1671 autem
684 1619 725 1670 ait
741 1618 829 1687 Dies,
853 1622 923 1689 qtria
949 1632 980 1678 et
1002 1626 1118 1695 magnill-
1146 1640 1148 1645 '

92 1694 158 1745 dine
175 1690 217 1740 sui
236 1689 329 1739 multis
346 1689 441 1741 diebus
458 1689 561 1739 oritur:
580 1696 609 1741 et
624 1696 773 1759 tempestas
790 1697 839 1742 aut
853 1694 1006 1760 praecedit
1019 1696 1117 1763 ugoni,
1142 1682 1154 1715 ἶ

93 1770 143 1817 nut
159 1757 298 1825 seqnitur,
315 1766 363 1807 aut
379 1774 445 1807 cum
462 1773 494 1809 eo
512 1765 561 1808 est.
594 1756 665 1810 Saue
682 1758 841 1823 sciendum,
859 1776 963 1813 omnes
979 1765 1116 1831 astrologtq
1141 1754 1154 1794 ¹³

54 1868 59 1881 ,
93 1846 147 1900 pro
165 1828 273 1879 ratione
290 1827 450 1888 climatum,
472 1826 616 1879 dissentire
638 1826 668 1878 in
686 1834 751 1877 ortu
774 1827 917 1891 siderum3
943 1830 1115 1903 redtpsstir
1143 1831 1154 1842 “

76 1899 183 1965 „sensio
202 1896 272 1946 ultra
296 1903 404 1964 septem
421 1896 478 1946 dies
501 1910 557 1944 non
581 1895 721 1965 procedit;
744 1904 855 1962 septem
874 1900 954 1951 enim
972 1902 1056 1954 etiam
1069 1904 1116 1951 tud
1143 1904 1149 1925 ‘

92 1970 153 2040 ipsa
170 1965 290 2016 climata.
324 1964 396 2015 Hinc
413 1972 461 2028 est,
477 1965 551 2030 qnod
567 1964 654 2015 solem
671 1964 707 2015 sd
724 1968 948 2035 unumquodque
966 1964 1117 2038 signumtlli
1145 1964 1150 2018 ⁴.

94 2038 192 2107 quinto
210 2033 320 2084 decimo
337 2034 448 2085 kalend.
461 2033 506 2084 die
522 2033 617 2083 dicunt
634 2034 741 2085 venire:
759 2034 807 2084 alii
826 2046 928 2102 quarto
947 2039 1068 2100 decimo;
1081 2032 1115 2089 alt
1142 2030 1154 2077 ²-

92 2108 167 2159 infra
186 2119 271 2170 usque
290 2104 324 2153 ad
341 2110 481 2162 octavum,
505 2119 556 2152 nec
574 2102 721 2170 quisquam
745 2104 872 2171 procedit
889 2106 1015 2159 ulterius.
1047 2098 1154 2156 tnn·-·''

93 2178 148 2227 dus
163 2175 269 2239 anguis
276 2196 285 2235 ,·
303 2180 358 2222 tres
376 2178 439 2220 sunt
455 2187 557 2236 ungares
574 2172 603 2221 in
617 2172 709 2233 coelo;
728 2188 807 2236 unus,
824 2174 872 2239 qui
891 2174 920 2224 in
937 2176 1114 2243 septemtrione
1144 2172 1154 2231 J

92 2253 148 2299 est:
165 2242 236 2294 alter
255 2240 407 2308 Ophiuchi:
425 2241 523 2290 tertius
541 2241 687 2304 Australis,
702 2240 732 2291 in
751 2257 805 2307 quo
823 2248 889 2291 sunt
902 2244 1004 2297 Crater
1022 2253 1048 2296 et
1062 2244 1113 2294 Cot·

93 2330 155 2377 vus,
173 2312 207 2361 de
226 2326 279 2377 quo
297 2325 371 2360 nnnc
389 2312 501 2376 proprie
520 2308 558 2359 ait
577 2312 698 2376 anguis:
723 2326 791 2360 nam
811 2303 881 2377 itha
899 2312 1002 2365 dicitur
1019 2313 1113 2375 Grsetts
1128 2310 1154 2377 s*

92 2385 129 2434 Et
146 2381 262 2441 scimus,
280 2393 383 2443 angues
401 2394 458 2428 esse
475 2393 628 2444 aqrtarum,
646 2386 788 2444 serpentes
805 2387 959 2432 terrarum.
994 2384 1065 2434 Haeo
1078 2394 1113 2429 su·

81 2442 152 2504 'tem
170 2450 249 2517 signa
267 2446 433 2513 generaliter
451 2447 555 2514 posuit;
579 2463 636 2496 non
661 2449 737 2498 enim
762 2447 832 2499 haec
855 2451 911 2501 tria
936 2459 1059 2516 tantum,
1078 2444 1112 2499 setl
1141 2448 1153 2457 ”

94 2519 188 2571 omnia
212 2516 348 2586 praecipit
365 2515 541 2566 observanda.
558 2543 594 2550 —
627 2522 689 2572 206.
705 2514 833 2583 [Quibus
851 2527 917 2578 etc.;
943 2522 983 2571 sio
1001 2514 1112 2586 sih-egri·
1135 2515 1140 2540 ⁵

94 2590 160 2642 colis
179 2586 350 2637 observanda
367 2585 445 2649 signa
463 2602 520 2636 esse
537 2584 617 2646 dicit,
641 2586 712 2635 sicut
729 2585 765 2636 ab
788 2585 830 2635 his
848 2588 945 2655 quiin
964 2586 1111 2657 periculosis·
1126 2547 1154 2645 i'-

93 2659 169 2711 simis
194 2656 280 2706 maris
303 2654 369 2704 locis
392 2653 530 2721 navigant.
569 2652 689 2703 Ventoso
715 2672 853 2722 aequora;
880 2656 910 2706 in
934 2658 1033 2724 quibus
1055 2650 1133 2715 venii

93 2721 301 2786 dominanttnn]
346 2722 436 2772 Vectis
444 2746 453 2786 ,·
484 2723 540 2784 his,
563 2723 610 2788 qui
635 2723 788 2788 vehuntur,
818 2725 896 2774 cuius
926 2720 1110 2793 significationi
1125 2716 1154 2767 1¹²

3 2835 5 2839 Α
94 2796 272 2871 participium
290 2792 424 2842 Latinitas
446 2807 502 2841 non
520 2791 611 2842 hahet.
628 2813 663 2829 »-
700 2800 764 2850 207.
782 2791 889 2843 Pontus
907 2802 975 2858 etc.;
1000 2794 1109 2846 sesnes
1127 2778 1154 2863 {ff

94 2866 201 2934 Abydos
224 2862 345 2912 civitates
369 2869 432 2911 suut
454 2860 638 2929 Hellesponti,
669 2879 740 2930 qliae
765 2871 883 2928 angnsto
920 2870 950 2914 et
979 2862 1108 2933 periculoso
1127 2866 1154 2907 t·-

94 2936 166 2989 mari
183 2938 372 3046 segregantur.
408 2930 455 2996 [ln
474 2931 516 2979 his
533 2931 665 2995 arigustiis
682 2929 811 2981 Leander
830 2932 864 2982 ad
881 2932 939 2982 Ero
957 2941 1048 2985 natare
1061 2912 1132 2987 coni

94 3010 228 3056 sueverat.
288 3016 333 3049 am
350 2998 397 3048 illa
413 2998 526 3063 Sestias,
543 2999 588 3048 hic
607 3000 640 3050 de
659 3000 752 3067 Abydo
771 2999 839 3059 fuit,
856 3000 905 3068 qui
922 3018 988 3051 cum
1004 3004 1109 3069 frepus·
1126 2988 1132 3035 i

94 3071 192 3126 ter-ad
216 3068 382 3119 amatricem
406 3076 515 3117 antator
539 3075 664 3132 nataret,
686 3076 850 3135 tempestate
875 3070 991 3120 obrutus
1012 3067 1108 3125 interiit
1127 3068 1140 3113 Ξῖ

96 3143 173 3194 cuius
191 3155 255 3189 cum
274 3136 390 3187 cadaver
408 3138 532 3188 exanime
549 3138 584 3187 ad
600 3137 678 3201 litus,
704 3137 806 3204 inquo
824 3139 881 3187 Ero
908 3139 942 3189 de
961 3148 1034 3205 turre
1048 3148 1108 3205 erpt-
1127 3124 1132 3157 ¹

95 3221 171 3263 ctare
190 3206 308 3267 solebat,
327 3214 397 3255 esset
413 3207 573 3274 adpulsum,
590 3207 682 3274 puella
698 3224 727 3257 se
745 3206 938 3274 praecipitavit
954 3209 984 3261 iu
1000 3206 1107 3269 morati
1127 3204 1131 3241 t

94 3283 134 3333 ita
150 3279 235 3328 vitam
253 3273 358 3339 finivit]
392 3276 471 3326 Unde
488 3276 570 3343 elegit
591 3276 684 3325 locum
708 3275 950 3343 periculosiorem,
974 3293 1053 3344 quem
1071 3282 1108 3342 ΡΝ

97 3348 174 3402 omni
192 3352 308 3415 ponerct
326 3344 432 3410 pelago.
466 3343 536 3395 Sane
550 3345 700 3396 secundum
719 3352 809 3395 artem
824 3344 891 3393 haec
909 3345 1014 3413 [ostra]
1031 3354 1108 3401 astru,
1126 3350 1132 3365 '

96 3427 123 3472 et
148 3417 200 3466 hae
226 3426 331 3471 ostreae
356 3412 480 3464 dicimus.
521 3414 634 3463 Nullum
659 3432 735 3465 emm
758 3413 844 3464 habet
866 3414 1003 3465 Latinitas
1026 3422 1107 3487 namet
1129 3412 1132 3421 '

97 3481 263 3559 [proprium]
288 3481 427 3546 animalis,
452 3484 525 3548 qarotl
549 3484 641 3533 nciitri
665 3484 699 3533 sit
721 3483 845 3551 gesseris,
871 3484 944 3533 sicut
968 3484 1066 3536 Graece
1085 3492 1106 3530 tt
1126 3466 1134 3503 l

97 3556 192 3627 κῆτος,
217 3559 262 3605 καὶ
280 3547 314 3603 roi
332 3546 410 3615 κη’τη.
445 3551 525 3603 Licet
542 3561 569 3602 et
585 3553 715 3604 Horatius
733 3551 828 3618 (Serm.
846 3562 878 3613 2,
896 3558 930 3616 lt,
949 3556 1004 3617 33.)
1021 3548 1110 3604 dixerit:
1128 3588 1135 3609 ·.

99 3630 199 3682 Ostrea
220 3624 327 3674 Circeis
352 3621 397 3687 (B.
419 3620 539 3683 cineis,
566 3621 655 3672 Gueli.
675 3624 694 3674 1.
719 3620 834 3685 circei),
857 3621 975 3675 Miseno
1001 3625 1111 3676 oriuntur

95 3686 207 3758 'echini,
231 3699 259 3744 et
280 3689 413 3750 luvenalis
438 3695 479 3755 (6,
496 3689 581 3752 302.):
608 3690 737 3741 Grandia
756 3707 827 3757 quae
846 3692 949 3745 mediis
968 3694 1026 3743 iam
1042 3687 1113 3755 nosti·
1136 3686 1142 3711 '·

99 3770 151 3820 bas
171 3776 263 3817 ostrea
281 3760 394 3811 inardet.
428 3760 502 3827 Quos
524 3767 620 3810 tamen
642 3775 785 3827 possumus
803 3759 912 3813 Graece
937 3762 1041 3814 locutos
1060 3755 1115 3813 eati·
1145 3768 1153 3774 '

98 3855 180 3907 pere:
196 3836 236 3887 ita
250 3831 326 3884 enim
338 3826 478 3882 dicuntsti
496 3823 605 3896 ὄστρεον
621 3837 668 3883 καὶ
684 3824 719 3882 toi
738 3824 843 3898 ὄστρεα.
882 3831 1117 3901 Ossa-aferiantem,
1149 3890 1152 3899 ‚

99 3908 173 3979 quod
195 3903 237 3958 ibi
260 3900 415 3972 plurimum
437 3908 593 3954 ostreorum
615 3899 658 3954 sit.
698 3898 807 3952 Fauces
830 3914 911 3967 vero,
934 3904 1082 3973 angustiae.
1095 3920 1120 3936 ·
1140 3910 1151 3971 “,

1128 2382 1134 2391 r·
