2288 4514
185 231 223 274 n
245 211 408 277 vncn..
431 213 603 278 sensio.
626 215 707 280 tis.
730 214 787 294 n.
808 196 959 287 ets—os
1073 223 1096 290 7

78 394 148 449 laler
168 395 339 464 Pampineos
363 399 469 450 invidit
493 402 614 455 collibus
640 396 763 455 umbros.
785 428 821 441 -
845 397 912 463 ’45.
935 401 1093 454 Discedens

11 508 18 518 .
77 466 203 530 delerem
230 464 302 533 xucd
318 463 351 522 ro*
367 464 616 538 ososnoluevouhoc
631 471 820 539 intelligimus.
853 471 926 522 Nam
943 471 1091 525 abscedens

11 579 17 594 .,
59 549 195 604 -rusquam
218 544 261 588 est
284 538 449 590 Euandrum
477 541 608 592 allocutus
631 543 743 594 Aeneas.
766 567 801 578 -
840 545 885 597 48.
917 540 986 591 Cum
1016 543 1090 592 dura

11 603 15 609 ’
42 642 49 655 .
72 606 167 673 proclia
190 616 288 673 geum
311 606 488 659 subaudimus
504 609 580 677 sore.
598 636 631 648 -
666 617 708 668 50.
724 608 796 663 Fors
819 620 844 660 et
861 620 925 660 vota
943 608 1038 679 foclty
1061 615 1090 662 et

71 674 148 741 mite,
167 674 330 743 [utrumque
348 675 425 728 enim
442 677 569 742 dicimus]
587 681 671 730 etiam
693 676 743 751 [et]
761 684 821 730 vota
845 678 962 749 suscipit.
997 678 1090 730 Potest

70 749 95 794 ct
106 758 190 794 inum
206 760 266 795 esse
282 746 382 809 forset,
404 745 424 796 i.
442 764 464 797 e.
482 746 609 814 forsitan
625 756 687 799 vota
703 746 783 810 facit,
800 749 840 821 [et
856 749 912 799 iam
930 754 991 802 vota
1007 746 1090 799 susci-

87 809 120 876 ’]
152 810 340 880 cumulatque
358 815 464 865 altario
482 816 581 881 donis;
606 816 622 866 i.
641 835 664 868 e.
688 815 824 868 sacrificat
846 823 875 866 et
890 815 1002 886 suscipit
1017 823 1088 868 vote.

102 881 227 948 utralitpr
249 891 345 934 entem
368 884 493 951 queritur
516 887 550 936 de
576 901 671 938 errore
695 884 739 953 (al.
756 895 837 951 term
859 883 950 938 Guelf.
966 887 987 938 1.
1003 882 1088 945 horr.)

66 950 156 1000 mentis
179 951 331 1005 humanae.
347 965 386 988 -·
416 958 460 1010 51.
476 952 531 1009 Nil
555 956 613 1009 iam
639 954 803 1006 coelestibus
827 953 897 1003 ullis
921 953 1089 1017 Belenum,-

66 1017 108 1068 rivi
130 1020 207 1070 enim
229 1035 395 1097 superorum
418 1030 495 1074 sunt:
517 1023 623 1073 mortui
645 1024 680 1075 ad
702 1023 808 1073 inferos
831 1023 976 1090 pertinent.
1010 1021 1088 1075 Unde

64 1084 272 1141 ndcodecimo
297 1089 517 1155 (uetustos-0
544 1091 615 1144 milii
639 1108 734 1143 manes
758 1089 821 1146 Este
845 1091 928 1155 loni,
952 1093 1088 1158 quonium

65 1159 165 1223 ruperis
182 1174 285 1208 auerso
304 1158 446 1211 voluutas.
479 1158 590 1229 Superis
606 1169 701 1212 autem
717 1159 851 1211 debemus
867 1161 977 1227 omnia,
999 1159 1087 1212 donec

64 1224 181 1291 sitimus,
202 1226 269 1278 ideo
292 1227 373 1296 quia,
402 1234 435 1278 ut
456 1228 551 1281 dicunt
572 1231 691 1299 physici,
718 1244 784 1278 cum
805 1228 882 1281 uesci
905 1228 1089 1297 coeperimus,

63 1294 185 1346 sortimur
203 1311 221 1345 a
238 1295 301 1348 Sole
317 1295 460 1366 spiritum,
478 1315 495 1351 a
511 1298 592 1352 Luna
607 1314 721 1367 corpus,
738 1314 754 1349 a
771 1297 863 1349 Marte
880 1298 1052 1365 sanguinem,
1068 1312 1087 1349 ι

63 1360 196 1414 Mercurio
212 1363 375 1432 ingenium,
398 1381 414 1416 a
430 1366 492 1419 Iove
514 1367 616 1418 horum
634 1366 728 1433 (Codd.
747 1366 902 1430 honorum,
922 1365 1088 1430 ulterioris,

62 1432 192 1497 ssimum)
210 1428 389 1498 desiderium,
404 1452 422 1487 a
438 1435 546 1488 Venere
561 1435 740 1504 cupiditates,
756 1454 773 1488 a
790 1435 908 1488 Saturno
925 1435 1087 1486 humorem:

61 1515 123 1568 pisae
141 1501 239 1554 omnia
255 1502 368 1569 singulis
385 1505 501 1557 reddere
514 1505 639 1559 videntur
655 1505 774 1557 extincti.
807 1505 855 1571 [Et
870 1503 924 1553 hcc
936 1502 1088 1557 secuudum

60 1568 195 1638 physicam
212 1570 402 1639 disciplinam
418 1574 531 1626 tradunt
547 1575 622 1628 enim
639 1572 755 1643 physici,
773 1573 866 1627 omnia
882 1588 932 1639 l¹⁰⁸
949 1571 1053 1625 mereri
1070 1587 1088 1626 ι
1110 1570 1113 1577 ’

60 1637 159 1709 superis
174 1656 249 1709 qliae
272 1657 367 1692 rursus
385 1643 496 1695 extincti
511 1645 651 1695 reddimus
676 1641 741 1709 ipsis
757 1641 938 1708 potestatibus
955 1637 1089 1713 supernis,

61 1706 128 1775 quod
144 1716 173 1760 et
187 1708 267 1760 Plato
285 1707 391 1761 videtur
409 1706 545 1776 astruere,
563 1712 611 1780 qui
628 1711 703 1776 dicit,
719 1709 794 1778 quod
810 1725 874 1759 cum
891 1709 926 1761 da
943 1709 1088 1767 effluxione

60 1777 173 1827 oneum
188 1792 248 1829 non
265 1777 384 1830 aliarum
402 1781 587 1848 quarumlibet
602 1795 715 1844 rerum,
738 1778 787 1832 sed
808 1777 932 1847 ipsarum
948 1776 1089 1829 stellarum

61 1843 158 1897 uertat
174 1847 289 1898 animae
306 1850 468 1914 corporibus
485 1848 711 1913 commodandae,
728 1846 857 1916 quicquid
874 1846 908 1896 de
925 1845 989 1915 ipsis
1006 1843 1089 1897 lonti-

60 1910 103 1963 ltus
118 1913 264 1967 stellarum
278 1915 382 1983 ebullit,
397 1918 450 1969 hoc
466 1918 583 1986 intelligi
595 1918 696 1970 debere
709 1916 805 1970 stellas.
840 1916 914 1982 Ergo
928 1913 1089 1983 priusquam

60 1979 220 2052 incorpora
242 1984 436 2052 ingrediantur
453 1988 564 2045 animae
589 2005 640 2057 per
663 1980 735 2039 h'aec
751 1985 831 2053 signa
848 1986 968 2036 erratica
984 1990 1089 2034 transe-

59 2058 144 2116 untes,
165 2052 278 2120 singule
293 2056 448 2123 supredicta
470 2057 594 2132 singulae
616 2056 763 2124 accipiunt
797 2055 867 2105 Item
883 2059 1011 2105 exeuntes
1034 2051 1090 2105 sin·

59 2120 115 2184 gula
131 2121 229 2189 sigulis
251 2121 401 2175 redhibere
418 2124 499 2191 dicit,
522 2143 593 2194 quae
617 2125 645 2176 in
669 2137 770 2190 corpus
791 2123 930 2175 venientes
954 2135 1087 2189 percepe-

58 2187 136 2254 runt]
154 2215 190 2227 ·-
226 2184 271 2248 52'.
292 2191 371 2244 Varro
390 2196 488 2246 moesti
505 2197 673 2246 comitamur
691 2192 811 2256 honore3
837 2190 928 2254 inani,
950 2197 981 2239 ut
1003 2204 1087 2255 supra

59 2254 181 2324 diximus,
207 2268 344 2327 quantum
362 2263 397 2315 ad
414 2267 483 2313 vivos
500 2263 633 2333 pertinet;
657 2264 735 2329 [nam
751 2260 818 2311 talia
835 2259 868 2310 de
886 2258 1001 2308 mortuis
1018 2256 1088 2307 liunt

46 2325 87 2376 'ul
100 2327 233 2378 solatium
250 2331 443 2397 superstitum,
466 2340 498 2381 ut
515 2341 555 2384 est
571 2331 644 2401 apud
661 2331 826 2382 Ciceronem
848 2328 876 2379 in
896 2328 1002 2378 Catone
1018 2324 1089 2378 mai·

57 2411 98 2446 ore
114 2399 150 2462 (c.
168 2396 240 2458 20.)s
256 2396 370 2450 Solonis
388 2401 500 2467 quidem
517 2402 655 2467 sapientis
673 2400 797 2466 elogium
815 2408 863 2462 est,
880 2413 934 2463 quo
953 2413 982 2445 se
1002 2404 1086 2462 negat

57 2465 118 2515 selle
135 2483 224 2516 suem
236 2479 358 2518 mortem
376 2471 470 2520 dolore
488 2473 646 2521 amicorum
669 2480 695 2522 ct
718 2468 850 2520 lomentis
868 2481 977 2518 cacare.
1015 2463 1088 2530 Vult,

58 2535 149 2599 credo,
176 2551 211 2585 se
235 2552 294 2586 esse
312 2553 411 2588 curum
436 2540 531 2591 sociis.
549 2565 584 2576 ·-
619 2544 661 2596 53.
679 2535 789 2606 Infelix
813 2536 878 2584 nuti
896 2533 1010 2602 funust
1032 2532 1087 2583 hoc

57 2603 165 2671 endam
190 2598 336 2665 dulciores
361 2615 391 2658 et
413 2607 525 2675 vulgare
547 2606 701 2675 accipiunt,
722 2605 770 2655 sed
794 2604 924 2655 decenter
941 2602 977 2655 ad
1001 2600 1089 2672 expri-

56 2673 186 2724 mendum
210 2674 297 2743 patris
320 2673 461 2728 adlectum
483 2692 558 2729 nunc
581 2677 617 2727 cd
640 2682 750 2743 patrem
773 2670 870 2735 redit]
891 2697 925 2707 -
973 2676 1016 2727 st.
1045 2666 1089 2721 Hs·

56 2743 143 2792 nourr·
161 2743 288 2805 reditus,
303 2743 322 2795 i.
339 2762 363 2796 e.
380 2744 448 2796 tales
465 2743 571 2812 [sunu]
587 2751 618 2793 ut
635 2743 712 2808 (to-l:
729 2741 922 2807 Manliusque
941 2741 1010 2789 meis
1028 2736 1089 2788 Mt·

55 2813 160 2862 tentius
178 2809 228 2861 hic
246 2825 294 2866 est.
328 2813 537 2882 [Expectatique
554 2811 692 2878 triumphi
699 2832 706 2871 3
729 2811 812 2861 modo
838 2809 873 2859 de
896 2824 925 2859 se
948 2803 1090 2875 loquitur]

53 2902 85 2915 ··-
117 2885 162 2937 55.
180 2877 262 2930 Haec
280 2899 340 2933 meu
359 2899 462 2950 magna
474 2882 567 2951 fides;
592 2877 664 2934 nord
679 2876 710 2932 ro*
728 2874 917 2946 σιωπώμενον
945 2890 1030 2944 quam
1053 2873 1088 2953 d?

53 2943 179 2999 Pallantis
196 2950 290 3002 reditu
305 2953 472 3023 promiserat
488 2952 569 3018 patri.
602 2953 650 3018 [At
667 2967 725 3000 non
745 2948 891 3011 Euandre;
910 2951 957 2996 aut
974 2948 1090 2994 mutavit

52 3014 283 3081 declinationem
307 3037 375 3073 nam
397 3021 530 3073 Euander
553 3021 634 3086 facit,
658 3025 689 3069 ut
710 3018 769 3087 ipse
794 3020 863 3080 (10,
879 3010 1088 3099 5175·)=„P‘⁸ll⁰8
1119 3030 1123 3039 “

51 3081 187 3138 Euander
210 3089 244 3138 in
268 3091 355 3155 ipsis3
383 3099 432 3142 aut
457 3091 596 3143 Graecum
617 3086 771 3139 vocativum
793 3085 873 3149 fecit,
898 3100 918 3134 n
941 3076 1073 3159 Eteocles,

52 3150 200 3207 Pudeudis
223 3159 409 3225 vulneribus,-
431 3175 449 3210 a
470 3167 550 3226 tergo
573 3158 669 3209 illatis:
692 3162 721 3206 et
744 3160 792 3205 est·
804 3151 962 3205 consolatio.
1002 3148 1067 3230 [Qui

9 3244 12 3263 ι
52 3231 145 3276 autem
168 3226 314 3292 pudendis
344 3228 394 3293 sit,
420 3227 480 3296 ipse
509 3227 631 3296 exposuit
655 3223 772 3275 dicendo
800 3223 914 3290 pulsum
947 3214 1088 3295 aspicies]

9 3308 13 3327 ·
53 3289 109 3341 Nec
127 3297 253 3360 sospita
274 3295 416 3367 antiptosis
433 3305 474 3348 est
490 3311 542 3364 pro
559 3297 678 3361 sospiti.-
695 3300 723 3342 et
739 3292 792 3342 hoc
809 3290 889 3342 dicit:
907 3287 934 3339 Si
951 3284 1103 3354 inmiscet

9 3356 12 3361 ’
52 3360 211 3414 vulneratus
228 3381 245 3416 a
268 3372 362 3434 tergo,
385 3366 437 3437 ipsi
454 3365 480 3418 ei
504 3370 613 3431 optares
635 3361 787 3413 interitum.
821 3358 900 3429 [Alii,
922 3371 979 3407 non
1000 3353 1088 3405 talem

52 3427 153 3496 habes,
170 3432 279 3500 inquit,
295 3434 385 3486 filium
402 3449 457 3504 quo
474 3433 574 3502 sospite
590 3432 643 3484 tibi
658 3430 752 3482 dirum
769 3430 851 3480 funus
868 3434 996 3504 optares,
1012 3419 1087 3490 quod
1125 3438 1128 3443 ⁴

53 3507 182 3566 parentes
200 3502 255 3554 sibi
270 3503 381 3573 precari
401 3503 490 3554 solent
514 3502 551 3552 ob
568 3501 721 3570 nequitiam
743 3498 905 3550 liberorum.
920 3562 926 3573 Ι
940 3493 1008 3557 Aln,
1030 3505 1089 3542 non
1116 3518 1121 3527 .

53 3567 175 3635 optabis,
192 3571 297 3639 inquit,
313 3571 407 3642 sospiti
423 3571 479 3623 lilio
496 3578 630 3635 mortem,
654 3568 727 3638 quod
743 3565 833 3632 magis
848 3565 978 3617 heroicae
995 3573 1090 3642 perso:

52 3650 105 3687 uae
122 3640 268 3705 conremt,
290 3648 319 3695 et
342 3658 427 3710 quare
445 3641 548 3705 sospite
573 3655 625 3706 pro
642 3638 745 3703 sospiti
753 3633 785 3699 l]
802 3661 837 3671 -
872 3638 914 3710 ⁵9:
933 3629 1012 3711 llaec
1037 3628 1088 3678 “bt

54 3705 184 3775 ἀφανὴς
214 3706 270 3760 hoc
293 3717 349 3776 est,
377 3717 524 3780 postquam
552 3708 622 3760 haec
646 3722 710 3758 cum
736 3701 864 3780 lacrymis
885 3700 960 3752 dunt.
1007 3695 1089 3750 Flere

53 3777 130 3826 enim
148 3785 205 3842 est,
230 3795 296 3830 cum
312 3795 379 3831 voce
400 3778 561 3845 lacrymare.
594 3777 672 3828 Unde
696 3773 830 3824 habemus
853 3776 974 3820 inserto
992 3765 1090 3847 (426.)·=

57 3842 201 3897 continuo
222 3849 338 3898 auditae
355 3863 450 3912 voces,
470 3848 584 3913 vagitus
610 3857 635 3896 et
660 3846 775 3911 ingens:
801 3838 1002 3908 infantumque
1026 3851 1090 3916 cur·

55 3930 115 3964 mue
131 3915 242 3985 flentes
266 3919 298 3967 in
323 3918 424 3970 limine
450 3918 549 3980 primo.
567 3940 602 3952 -·
635 3920 679 3970 60.
698 3910 766 3965 Toto
792 3911 877 3988 lectos
901 3924 944 3985 cx,
959 3919 1089 3972 agmm‘t

55 3982 201 4053 Troianos,
217 3985 331 4054 Tuscos,
346 3985 477 4040 ernon.
489 4009 524 4022 ·-
556 3989 600 4043 63.
617 3982 885 4048 usigua;quamv1s
901 3991 977 4029 emm
988 3986 1092 4039 W
