2288 4514
186 306 222 347 m
244 283 401 347 VIRGIL.
422 284 581 350 GEORG.
604 286 637 359 I,
659 292 805 358 19—21.
945 294 1010 359 175

10 476 23 523 t.
47 469 181 536 Uncique
211 488 282 539 puer
311 482 482 537 monstrator
512 473 620 534 nistri5
650 469 698 521 alii
719 470 935 540 Triptolemum,
957 466 1012 527 xalii

10 540 86 591 sirim
110 542 222 601 volunt;
264 540 318 591 nod
342 542 430 607 magis
453 557 548 591 rerum
572 549 624 605 est,
646 540 688 606 [ut
710 539 775 591 dicit
790 542 948 610 Propertium
968 545 1012 595 vel

10 602 126 673 ibullus.]
160 608 234 660 Nam
244 558 436 676 qiriptolemus
458 610 601 661 frumenta
624 607 720 658 divisit.
755 609 845 676 [Quod
868 628 968 662 munus
985 613 1011 663 ei
1074 666 1077 673 ,

10 692 67 730 eres
91 676 172 729 dedit
194 686 309 747 propter
331 678 533 730 humanitatem
557 677 641 745 patris
665 676 750 739 Icari,
774 668 923 745 qiii·eam,
945 696 1010 745 cum

10 746 181 813 soserpiuam
204 754 316 813 captam
339 748 430 814 (rapt.)
454 748 483 797 in
505 746 663 815 coniugium
686 744 834 799 aPlutone
857 757 1011 816 qrraereret,

10 816 119 867 rbttica
140 816 261 884 suscepit
281 815 418 885 bospitio]
452 816 526 867 Bene
549 824 642 867 aretem
664 814 750 864 tacuit
764 815 806 873 ¹de
830 818 957 882 nomine,
982 825 1012 869 et

10 884 153 941 tueraliter
170 883 211 933 ait
226 900 311 949 puer,
329 902 395 935 nam
410 900 467 936 non
485 898 554 934 unus
572 890 696 935 aratrum
712 890 770 933 toto
789 885 856 937 orbe
873 894 1010 937 monstra-

10 946 39 1015 ἢ,
57 952 106 1005 sed
121 952 223 1005 diversi
245 952 275 1003 in
290 952 402 1005 diversis
424 952 498 1004 locis.
531 952 594 1020 [Alii
616 950 699 1002 talem
717 951 750 1003 de
767 952 820 1004 hoc
831 954 1010 1023 'Triptolemo
1035 976 1041 989 =

10 1016 106 1073 *hulam
128 1021 259 1073 traduntr
281 1022 365 1073 Ceres
388 1038 458 1073 cum·
475 1020 670 1088 Proserpinam
692 1020 778 1072 tiliam
803 1032 949 1091 quaereret
975 1024 1011 1075 ad

10 1082 141 1141 hunum
158 1104 257 1158 regem
274 1088 392 1156 devenit,
414 1090 490 1141 cuius
506 1105 574 1140 uxor
591 1090 718 1158 Cyntinia
742 1105 860 1157 puerum
877 1092 1012 1161 Triptole-

10 1166 65 1208 nm
85 1166 248 1229 pepererat,
275 1175 359 1227 seque
381 1158 520 1211 nutricem
548 1160 627 1226 pueri
653 1174 749 1211 amore
772 1160 853 1212 ducta
876 1161 1012 1212 simulavit

10 1226 112 1293 nium
129 1227 179 1279 sed
195 1228 287 1279 nutris
304 1238 417 1297 recepta
433 1242 498 1277 cum
518 1227 596 1279 vellet
612 1228 754 1278 alumnum
770 1244 849 1279 sumn
866 1230 1011 1281 immorta-

10 1292 43 1343 ᾗ
61 1296 180 1349 reddere
205 1296 329 1348 interdiu
354 1314 418 1349 eum
442 1296 511 1347 lacte
535 1296 624 1347 divino
642 1296 747 1359 alebat,
769 1304 852 1347 noctu
868 1299 898 1349 in
914 1300 1010 1367 ignem

10 1358 58 1415 ibn
73 1364 220 1417 obruebat.
253 1366 363 1433 ltaque,
387 1372 581 1444 praeterquam
598 1366 722 1417 solebant
738 1365 884 1432 mortales,
906 1384 1011 1421 cresce·

10 1418 42 1485 bt
72 1434 104 1485 Id
119 1435 162 1485 sic
178 1433 240 1486 lieri
256 1450 322 1485 cum
346 1442 426 1501 pater
443 1434 643 1498 admiraretur,
666 1441 801 1485 nocturno
818 1442 944 1505 tempore
961 1438 1010 1488 ob-

10 1502 108 1567 mrit,
131 1518 198 1555 cum
215 1505 301 1555 Cares
318 1503 396 1555 vallet
415 1518 534 1572 puerum
557 1502 695 1554 incinere
713 1510 741 1553 et
763 1502 793 1552 in
816 1503 880 1569 igne
897 1504 1011 1556 abscon-

10 1562 64 1635 bt's,
77 1579 160 1639 poter
177 1571 355 1641 exclamavit,¹
371 1571 418 1623 ills
434 1571 505 1623 irata
523 1570 681 1621 Eleusinum
700 1570 868 1623 exanimavit.
902 1573 1011 1643 Tripto-

10 1648 57 1698 πο
78 1641 196 1695 alumno
219 1656 268 1691 suo
291 1648 435 1693 aeternum
459 1639 624 1691 beneficium
647 1640 729 1692 dedit
768 1640 842 1691 Nam
865 1640 900 1692 ad
916 1642 1011 1711 fruges

10 1710 132 1761 medas
155 1710 351 1779 (propagaud.)
374 1724 488 1760 currum
512 1708 677 1759 draconibus
699 1708 797 1771 iunxit,
824 1710 954 1777 deditque
976 1711 1011 1776 ei,

10 1776 82 1840 dtus
97 1778 144 1829 ille
160 1786 254 1829 vectus
269 1776 368 1830 orbem
384 1785 522 1829 terrarum
540 1776 665 1844 frugibus
678 1776 814 1839 obseruit;
830 1793 924 1845 quem,
939 1787 1012 1849 post·

10 1856 68 1897 hm
83 1847 201 1899 domum
217 1846 314 1910 rediit,
332 1862 395 1897 cum
412 1846 548 1917 Cephalus
565 1862 612 1897 rex
629 1844 784 1897 interlicere
802 1845 942 1911 voluisset,
960 1865 1010 1917 per

10 1916 95 1983 ’guita
117 1916 191 1968 iussa
209 1914 363 1981 (Mrinclrer.
384 1915 448 1979 sed,
470 1932 502 1966 re
526 1914 650 1982 cognita,
672 1913 757 1975 iussu)
775 1914 883 1966 Cereris
900 1916 1011 1985 Tripto-

10 1994 55 2049 uio
70 1982 193 2053 reguum
210 1982 336 2049 tradidit,
358 1982 405 2051 qui
423 1991 537 2051 accepto
553 1998 640 2050 regno
658 1983 789 2053 oppidum
805 1983 1011 2049 constituit,et

10 2054 116 2134 {patris
132 2053 249 2105 nomina
265 2053 424 2106 Eleusinum
439 2052 605 2114 nominavit,
629 2052 780 2103 Cererioue
805 2068 881 2103 sacra
905 2054 1011 2120 primus

10 2123 112 2188 stituit,
135 2139 208 2191 quae
230 2117 421 2189 θεσμοφόρια,
445 2120 553 2172 Graece
569 2120 705 2171 dicuntur.
733 2100 826 2171 ¹Varro
844 2120 877 2172 de
894 2124 1011 2175 scenicis

10 2190 150 2261 iginibus,
178 2191 222 2245 vel
250 2190 281 2242 in
303 2191 419 2245 Scauro:
449 2190 651 2255 Triptolemum
677 2189 747 2239 dicit
769 2188 909 2256 Nigidius
927 2192 1011 2260 feros

10 2260 147 2311 *eboricus
171 2262 224 2310 sub
249 2262 373 2327 uirginis
397 2261 480 2326 signo
498 2262 511 2290 *
528 2271 638 2323 arator,
667 2275 746 2325 quem
766 2257 864 2309 Orous
882 2260 1013 2327 Aegyptii

10 2340 101 2393 ιοοηες
128 2330 203 2396 quod
228 2328 308 2380 Oron
327 2329 454 2381 Osiridis
472 2326 572 2393 filium
597 2329 631 2377 ab
657 2326 707 2378 boo
730 2328 877 2377 educatum
902 2330 1009 2382 dicunt.

10 2412 55 2465 rgo
73 2397 161 2449 Osiris
185 2397 368 2466 significatur,
392 2405 436 2461 ut,
461 2394 657 2465 Φιλοστέφανος
680 2401 742 2467 περὶ
765 2392 939 2464 ειῗρημοῖτων,
968 2400 1010 2451 vel

10 2467 176 2533 pimenides‚
200 2466 248 2531 qui
272 2476 365 2535 postea
382 2464 502 2534 Buzyges
525 2467 612 2517 dictus
636 2466 689 2532 e'st,
712 2467 863 2517 secundum
879 2468 1011 2520 Aristote-

10 2535 56 2603 lia]
73 2560 109 2571 -
144 2542 187 2592 20.
204 2534 240 2584 Et
256 2547 377 2585 teneram
402 2536 436 2584 ab
463 2537 555 2585 radice
575 2536 673 2603 ferens
691 2535 811 2602 Sylvane
829 2552 1010 2602 cupressum,-

10 2604 109 2655 ¹lvanus
126 2605 193 2655 deris
211 2610 251 2655 est
267 2602 406 2655 Silvarum.
441 2604 491 2654 Hic
509 2601 610 2656 amavit
632 2620 749 2674 puerum
768 2605 942 2675 Cyparissum
960 2621 1010 2655 uo·

10 2673 72 2735 irie,
94 2672 143 2741 qui
160 2672 280 2725 babebat
296 2672 540 2725 mansuetissimam
556 2688 673 2725 cervam.
705 2674 783 2723 Hanc
801 2689 864 2723 cuni
882 2674 1011 2740 sylvanus

10 2742 88 2793 scius
105 2741 263 2805 occidisset,
286 2758 355 2812 puer
373 2750 413 2793 est
430 2743 562 2792 extinctus
579 2742 686 2794 dolore:
709 2758 792 2809 quem
817 2748 925 2792 amator
943 2742 1009 2792 deus

24 2828 60 2861 cu
80 2826 187 2860 ressum
205 2808 340 2862 arborem·
352 2810 472 2861 nominis
489 2812 545 2861 eius
561 2812 649 2871 vertit,
665 2826 749 2877 quam
766 2826 816 2879 pro
834 2809 928 2860 solatio
946 2825 1010 2877 por·

10 2896 40 2931 re
56 2828 167 2931 dicitur.
202 2878 289 2945 [Saue
312 2881 342 2930 in
358 2878 492 2930 Bucolicis
510 2879 593 2929 alium
610 2880 647 2930 illi
665 2880 792 2931 habitum
808 2879 884 2929 dedit
901 2879 948 2943 (Ε.
966 2884 1010 2944 to,

10 2948 50 3007 ld:
78 2947 162 2997 Venit
178 2960 204 2997 et
221 2951 326 3015 agresti
350 2950 452 3012 capitis
470 2949 612 3015 Sylvonus
636 2948 748 2999 honore.
785 2947 903 3014 Quidam
921 2947 1009 3013 Sylva-

10 3034 47 3067 un
71 3017 198 3084 primum
222 3016 369 3068 instituisse
384 3017 564 3086 plantationes
581 3018 683 3069 dicunt.
716 3016 780 3067 Ideo
797 3030 890 3067 tenera
910 3017 944 3065 ab
965 3034 1009 3066 ra-

10 3088 41 3137 ἴοι
57 3090 172 3153 poetam
188 3084 292 3138 dixisse.
326 3088 368 3136 An
385 3088 419 3136 ab
440 3089 533 3138 radice
551 3098 659 3150 tenera,
681 3085 745 3154 quia
763 3101 843 3138 caesa
866 3100 1009 3155 cupressus

10 3154 82 3207 citur
104 3168 162 3205 non
185 3154 308 3219 renasci,
332 3154 401 3205 item
425 3156 558 3218 invalida,
580 3173 615 3207 an
641 3155 675 3206 ab
700 3152 793 3206 radice
818 3152 948 3219 tenensi]
973 3181 1008 3191 -

10 3230 25 3279 Ι.
40 3222 165 3288 Diique,
182 3224 302 3290 deaeque
319 3241 429 3287 omnes‚·
453 3232 515 3292 post
530 3225 676 3292 specialem
692 3224 895 3275 invocationem
913 3222 1011 3273 transit

10 3291 17 3343 l
31 3292 256 3360 generalitatem,
273 3310 308 3343 ne
325 3292 398 3359 quod
414 3309 518 3346 numen
535 3301 706 3362 praetereat;
730 3295 819 3360 [more
837 3291 1009 3356 Pontificius,

10 3376 32 3411 ir
48 3376 118 3428 quos
140 3360 197 3411 ritu
214 3360 303 3413 veteri
324 3361 354 3412 in
372 3362 500 3419 omuibus
517 3363 601 3413 sacris
619 3370 679 3430 post
694 3362 823 3432 speciales
840 3362 920 3423 deos,
940 3376 1009 3426 quos

10 3428 18 3479 l
32 3430 124 3501 ipsum
140 3442 267 3496 sacrum,
283 3430 359 3499 quod
371 3430 469 3498 fiebat,
485 3447 595 3484 necesse
613 3438 672 3483 erat
687 3430 822 3498 invocari,
839 3429 1009 3499 generaliter

13 3596 49 3649 1⁹)
75 3600 101 3638 G.
115 3599 158 3639 Alii
178 3600 341 3650 'l'leptlrolemum
356 3598 410 3639 cele-t
428 3598 490 3638 lilium
510 3598 591 3645 dicunt3
611 3595 645 3634 alii
665 3594 739 3635 Osirim
758 3604 836 3647 putant.
869 3598 902 3637 Ob
924 3610 983 3648 quem
996 3595 1008 3618 ¹*

65 3658 155 3705 (causam
169 3673 185 3696 s.
199 3671 248 3695 rom.
262 3658 366 3695 Mimckcr.
381 3658 407 3694 sd
421 3658 471 3707 Hyp.
487 3651 598 3703 [οδ-147.)
618 3655 642 3693 ab
657 3653 761 3704 Aegyptiis
781 3655 833 3712 iuter
848 3656 895 3692 daos
915 3655 941 3692 sit
954 3655 1009 3691 rela-

66 3721 105 3751 tus.
133 3714 284 3763 Tleptboltrnus
299 3715 353 3753 Celei
366 3713 416 3763 regis
430 3714 560 3751 Helcussiuac
574 3711 626 3750 lilius
640 3711 687 3756 suit,
707 3711 741 3762 qui
758 3724 816 3749 usum
835 3712 914 3749 serendi
933 3712 1009 3760 primus

67 3772 183 3809 mortalibus
202 3772 292 3809 tradidit.
319 3774 374 3810 Banu
394 3777 459 3808 sutem
479 3770 541 3807 tacuit
561 3776 597 3806 cto.
611 3790 637 3799 -
665 3770 704 3806 Vr.
725 3775 748 3806 ut
767 3767 806 3806 dir.
825 3770 888 3818 Prop.
908 3769 942 3805 vel
964 3766 1013 3805 Tit.-

68 3827 131 3863 omitt.
147 3828 214 3866 Gusli.
225 3830 252 3865 R.
265 3830 311 3865 Vos.
338 3830 361 3865 ln
374 3826 478 3877 Propertio
492 3826 542 3864 nibil
556 3826 614 3865 buius
628 3825 657 3863 rei
673 3831 715 3873 sst;
729 3839 790 3875 quaro
803 3826 872 3863 Burni.
887 3823 1009 3872 adscriptum

72 3882 173 3923 titulum
193 3886 288 3924 credebat
302 3886 326 3923 ab
340 3884 407 3934 aliquo
422 3884 456 3933 qui
475 3885 549 3933 legerat
562 3884 618 3933 Elcg.
633 3884 657 3928 1,
672 3878 697 3928 8,
711 3881 746 3921 29.
760 3903 785 3911 -
812 3883 835 3918 ln
854 3882 898 3918 loco
914 3880 1008 3919 Varronis

69 3940 170 3991 Sphaerus
182 3955 220 3991 pro
234 3941 295 3989 ferne
313 3940 376 3979 edidit
391 3943 457 3978 Burin.
478 3948 498 3977 et
516 3951 563 3976 mox
577 3947 685 3979 aratorem.
699 3960 725 3969 -
752 3938 775 3975 ln
788 3937 827 3975 sins
840 3951 877 3988 pro
891 3950 925 3975 rr.
955 3939 1009 3975 Sane

68 4005 106 4035 etc.
134 4000 171 4037 Ga
192 4000 251 4037 liuns
270 3999 379 4049 Sylrsnum
399 3997 480 4047 quidam
500 3997 603 4035 funebrem
622 3997 773 4044 deun-putant
792 4003 813 4032 st
831 3995 877 4032 ideo
892 4006 1008 4046 cupressum

69 4054 156 4095 tribuunt
170 4055 200 4102 ei,
214 4056 260 4109 quis
274 4056 344 4095 eadem
357 4054 423 4105 arbor,
431 4061 478 4105 spu
492 4053 519 4094 sit
530 4053 608 4103 uren.
626 4054 652 4095 ob
665 4052 756 4097 reditun
768 4051 909 4099 infimiutcm
