2288 4514
108 258 151 324 14
326 346 332 361 ,
362 247 505 314 suum
527 249 882 318 COMMENTARIUS
899 351 914 370 .

105 453 174 494 nem
195 443 225 490 et
245 434 276 488 iu
292 432 405 504 Togsds
419 438 549 492 vileires
572 457 589 490 a
752 478 762 505 ,
784 455 858 510 quae
879 442 953 495 vires
975 447 1115 500 extulerun
1135 498 1138 503 ,

105 509 215 562 Plautm
231 504 261 557 iu
277 504 392 574 Epidico
409 511 451 571 (2,
468 514 500 571 1,
515 511 567 567 8)ss
621 506 671 559 uia
687 510 742 560 titi
757 511 842 561 licuit
858 529 923 562 eum
937 515 1061 570 uiuendo
1080 520 1116 568 ei

106 574 186 641 σενι]
218 573 293 626 Nam
309 575 362 625 hoc
378 583 427 639 est,
443 575 586 642 Superstes
606 589 736 628 restarem
754 591 786 629 ut
801 583 923 648 genitor,
938 590 971 632 ut
984 585 1053 636 Mea
1064 587 1101 655 fe
1118 615 1122 624 ι

53 640 57 646 ’
105 663 156 719 per
173 643 400 699 exclamationem
417 644 523 695 dictum
540 646 583 695 sit.
616 645 764 698 Sciendum
780 655 892 714 tumen,
917 650 1006 703 etiam
1028 655 1119 706 nenti
1138 668 1141 673 '

104 714 210 770 nubilis
226 711 379 764 dolentibus
395 713 464 765 deri.
482 739 516 751 -
551 720 612 772 161.
627 714 791 773 Restaresm
806 733 904 770 essem.
920 745 955 757 -
991 728 1053 780 162.
1069 723 1143 790 [οὒ’

105 794 217 838 tuerent
233 781 336 831 Rutuli
352 782 433 844 telis,·
457 781 476 832 i.
493 801 517 834 e.
535 800 592 844 me3
616 792 645 835 et
660 785 731 836 bene
748 787 832 838 eriam
854 788 910 839 sibi
930 789 1078 857 irascitur,
1100 792 1137 845 titt

105 856 181 906 enim
194 859 294 903 neuun
304 850 495 902 immoereutis
509 852 691 918 exprimitur]
724 854 888 920 Dedissem,·
905 858 1137 912 reddidissem.-

106 928 166 982 153.
184 919 303 984 Pompa3
324 920 469 986 exequialis
492 921 613 988 [scilicet.
654 922 719 984 Me;
743 923 931 975 vehementius
954 931 1142 992 pronuntiemd

103 991 180 1056 dum,
196 997 225 1042 et
241 989 311 1040 hene
328 987 450 1040 Pellenta
466 989 557 1056 ipsum
575 1004 656 1042 omen
675 992 734 1061 (ips.
750 1007 855 1044 nomen
870 993 990 1063 posuitJJ.
1005 1022 1041 1034 -
1077 1002 1135 1056 164,

104 1058 162 1112 Nec
180 1076 230 1110 vos
247 1059 405 1123 arguerim3
433 1066 563 1109 exonerat
585 1073 684 1110 eorum
706 1059 857 1126 pudorem,
879 1079 915 1113 ne
938 1063 1087 1118 videantur
1108 1065 1136 1119 ei

103 1145 185 1181 caussa
201 1125 327 1177 orbitatis
344 1127 440 1190 luisse,
462 1125 555 1179 <licens
571 1128 624 1178 sibi
639 1128 693 1179 hoc
708 1129 829 1180 letaliter
847 1129 980 1181 debitum.
1016 1135 1050 1201 [A
1055 1152 1134 1202 rgue·

105 1200 159 1250 rim
183 1203 293 1260 eutem,
316 1194 382 1245 alins
402 1195 597 1258 indicaverim,
620 1204 651 1246 ut
674 1197 814 1260 (4,13.):
838 1196 997 1265 Degeneres
1021 1208 1133 1255 animos

32 1312 41 1329 ,
103 1270 188 1318 timor
205 1267 317 1332 argum
336 1263 402 1314 elias
419 1266 618 1328 accusaverim,
641 1272 673 1313 ut
689 1281 762 1315 nunc
780 1267 893 1319 Cicero:
916 1269 1025 1335 Argois
1035 1273 1131 1340 faten-

103 1334 175 1399 ειη]
191 1360 225 1372 -
260 1338 320 1390 165,
337 1332 489 1397 Senectae5‘
505 1333 582 1384 deest
598 1333 696 1384 aetati:
719 1349 786 1384 uam
802 1344 914 1386 senecta
930 1347 1007 1389 aetus
1020 1336 1127 1394 'dicitun

101 1403 254 1458 Sallustius:
276 1400 388 1451 senecta
408 1404 465 1452 iam
484 1414 579 1451 aetate.
612 1402 712 1454 Perse
729 1411 823 1454 autem
839 1404 957 1473 plenum
974 1417 1031 1475 est,
1052 1400 1129 1462 eise·

102 1486 198 1524 nectus
215 1471 345 1522 dicemus.
379 1470 464 1538 [Nam
480 1470 504 1520 si
521 1483 644 1535 senecta,
667 1478 715 1520 eut
731 1471 888 1522 addendum
911 1484 1002 1541 aetas,
1027 1479 1128 1530 autin

15 1538 19 1546 ’
99 1539 290 1608 telligeudum.
312 1564 347 1576 -·
377 1545 455 1596 166·
479 1537 562 1604 Quod
586 1542 614 1589 si
639 1541 790 1590 immatura
815 1543 960 1607 manebat;
984 1548 1126 1615 magnifice

99 1613 189 1663 servat
206 1607 348 1671 decorem,
372 1608 446 1674 quod
461 1624 490 1659 se
506 1616 616 1660 revocat
632 1608 668 1658 ad
684 1608 828 1673 heroicam
840 1613 1081 1681 consolationem]
1096 1639 1126 1651 -

100 1683 161 1738 168.
184 1677 337 1727 Ducentem
368 1678 399 1727 in
426 1678 527 1727 latium
552 1676 674 1728 Teucros
699 1679 832 1727 cecidisse
857 1681 983 1744 iuvabit,-
1019 1683 1125 1738 lucrum

99 1742 303 1817 quodammodo
327 1753 417 1813 putat,
440 1746 607 1815 impendisse
630 1760 681 1814 pro
698 1746 854 1797 amicorum
876 1748 1009 1804 felicitate
1034 1753 1125 1816 filium,

98 1816 146 1886 qui
163 1815 247 1867 morti
263 1816 355 1867 fueret
370 1815 471 1866 acerbo
487 1817 586 1866 funere
602 1814 724 1866 fataliter
742 1814 856 1866 debitus.
891 1817 938 1883 [Et
953 1828 995 1871 est
1011 1838 1029 1872 a
1045 1821 1128 1889 quali·

12 1886 14 1891 ⁴
97 1892 155 1937 tate
178 1883 304 1937 beneficii
326 1879 479 1945 solatium]
502 1908 535 1918 -
582 1890 643 1941 169.
667 1882 734 1933 Non
765 1885 824 1934 ulio
849 1885 949 1952 digner
972 1899 997 1938 te
1023 1889 1125 1963 sunere

97 1952 194 2017 Peleu
219 1951 337 2005 latenter
353 1952 400 2003 hic
416 1954 524 2003 Aeneae
542 1951 694 2002 ostenditur
711 1952 811 2018 pietus,
836 1954 884 2022 qui
899 1948 930 2006 in
947 1956 1031 2008 amici
1048 1961 1124 2010 funus

96 2027 175 2074 teuta
192 2018 321 2084 contulit,
345 2026 376 2069 ut
392 2028 471 2088 peter
488 2020 604 2087 amplius
621 2029 761 2090 praestare
778 2035 835 2072 non
858 2023 950 2088 possit.
984 2026 1048 2093 [Alii
1066 2028 1123 2094 dig·

98 2108 159 2142 nem
176 2089 271 2157 legunt
294 2089 368 2139 iuxta
390 2101 496 2140 veteres
519 2089 554 2138 ab
579 2103 611 2140 eo
629 2088 703 2156 quod
719 2098 761 2140 est
779 2091 881 2156 dignos
906 2091 1018 2144 Calvus:
1042 2093 1124 2146 Hune

96 2159 174 2210 tento
194 2173 306 2207 munere
325 2158 422 2223 digna.
454 2156 584 2208 Pacuuius
601 2160 631 2208 in
647 2158 812 2210 Hermione:
831 2158 901 2210 Cum
919 2177 1006 2227 neque
1025 2182 1066 2215 me
1083 2167 1124 2214 in·

96 2231 200 2295 spicere
219 2227 349 2293 aequales
373 2227 529 2291 dignarent.
565 2226 636 2276 Hinc
659 2226 718 2295 ipse
735 2227 863 2295 Virgilius
881 2231 925 2294 (3,
941 2230 1030 2292 475.):
1056 2233 1123 2285 Cone

96 2299 175 2364 iugis
200 2294 325 2347 Anchisa
354 2293 469 2344 Veneris
494 2297 607 2361 dignate
632 2296 757 2362 superbo.
780 2323 815 2332 —
857 2304 918 2354 170.
941 2296 1035 2363 Quam
1059 2305 1123 2369 pius

19 2412 22 2417 .
94 2368 219 2428 Aeneas,-
243 2363 320 2415 deest
338 2369 456 2430 quo,ut
471 2363 506 2414 sit
523 2382 606 2430 quam
625 2361 751 2430 quo.]—
785 2369 846 2422 173.
866 2365 1121 2434 Tuquoqueetc.;

95 2435 122 2504 [i.
141 2453 180 2500 e.,
202 2433 231 2491 in
248 2440 347 2485 trunco
372 2430 514 2496 armatus]
548 2432 623 2483 Sicut
645 2433 689 2483 isti
707 2432 788 2484 duces
807 2432 839 2485 de
857 2434 955 2502 quibus
972 2437 1042 2490 haec
1059 2446 1121 2491 sunt

91 2511 215 2572 tropaea.
249 2501 322 2551 Nam
339 2517 420 2569 suprn
438 2499 477 2552 sit
493 2501 573 2567 (83.);
589 2500 761 2566 indutosque
778 2502 856 2553 iubet
875 2515 990 2555 trunces
1007 2506 1120 2561 heruli.

70 2630 72 2640 .
93 2573 145 2624 bus
164 2572 253 2622 arinis
271 2569 350 2638 ipsos
362 2570 441 2639 ferre
459 2569 550 2619 duces.
569 2573 602 2607 -ἰ-
638 2575 697 2626 174.
715 2570 794 2621 Esset
810 2588 863 2637 par
881 2584 973 2636 aetas,·
991 2576 1034 2628 vel
1050 2594 1121 2643 nien,

91 2641 135 2694 vel
150 2641 213 2705 filii,
234 2655 300 2690 num
319 2640 353 2690 ed
371 2647 518 2707 utrumque
536 2645 625 2708 potest
646 2639 754 2691 referri.
771 2664 806 2676 -
842 2648 901 2699 175.
919 2641 1059 2697 Demeror
1076 2665 1123 2698 ur.

93 2711 162 2774 mis,·
186 2709 220 2759 ob
240 2709 344 2759 ermis:
370 2716 398 2759 et
414 2707 467 2759 hoc
485 2706 591 2759 videtur
609 2708 714 2759 dicere:
738 2708 903 2762 Dimittendi
920 2720 983 2761 sunt
999 2713 1122 2781 Troiani,

91 2774 128 2830 ut
145 2785 235 2830 morte
253 2777 341 2830 Turni
365 2776 479 2828 satisfiat
503 2773 641 2829 doloribus
666 2776 750 2841 meis,
774 2777 847 2844 quod
865 2781 949 2830 etiam
967 2785 1123 2850 posteriora

90 2847 252 2915 significent.
271 2872 304 2884 -
339 2850 399 2903 179.
416 2845 528 2895 Meritis
547 2853 612 2906 etc.;
634 2845 705 2897 nihil
728 2855 768 2897 est
790 2847 864 2897 eliud
882 2849 955 2915 quod
978 2853 1063 2919 possit
1079 2853 1122 2906 vel

90 2919 173 2968 virtus
190 2926 252 2979 tue,
275 2915 317 2968 vel
333 2918 446 2966 fortune
462 2922 618 2983 praestere;
643 2931 708 2965 nem
725 2914 768 2965 his
785 2914 866 2967 rebus
884 2916 996 2970 victorie
1013 2922 1122 2974 contin·

90 2986 146 3054 gin
169 2984 221 3037 nisi
239 2991 269 3034 ut
286 2984 375 3036 occiso
394 2983 504 3048 Turno,
522 2989 550 3036 et
565 2981 684 3034 vindices
700 2982 803 3048 filium,
828 2992 856 3037 et
873 2992 982 3055 patrem
999 2991 1122 3044 console·

88 3054 127 3106 ris
151 3053 289 3105 orbatum.
306 3078 342 3091 -
376 3057 437 3111 181.
454 3052 506 3102 seu
531 3063 596 3102 nnto
616 3059 685 3113 εἴας
708 3069 741 3104 ac
758 3054 781 3104 si
799 3053 918 3120 diceret,
940 3055 1012 3108 hunc
1030 3059 1120 3111 solam

88 3137 147 3176 etse
164 3137 290 3184 censam,
307 3136 377 3188 quae
396 3136 460 3173 eum
476 3128 558 3186 coget
575 3119 610 3171 ed
627 3121 699 3193 vitne
715 3122 892 3188 patientium,
910 3131 940 3173 ut
956 3124 1012 3176 filie
1031 3127 1122 3180 Turni

88 3191 231 3243 nuntietur
248 3189 380 3240 interitus.
397 3215 432 3228 —
466 3195 527 3246 153.
544 3188 710 3239 detulerant
728 3191 831 3256 lucem,·
855 3193 960 3250 Asinius
977 3195 1062 3247 Pollio
1080 3197 1123 3248 di-

88 3259 141 3324 cit,
172 3259 276 3326 ubique
298 3256 442 3325 Virgilium
473 3257 503 3310 in
529 3258 584 3310 diei
607 3258 790 3328 descriptione
814 3276 974 3313 sermonem
996 3265 1122 3332 aliquem

87 3344 192 3397 ponere
209 3335 305 3395 aptum
323 3325 511 3394 praesentibus
528 3327 624 3390 rebus,
648 3335 679 3379 ut
695 3329 748 3380 hoc
765 3328 840 3381 loco:
863 3331 927 3399 quis
944 3333 1073 3384 funerum
1091 3342 1122 3386 et

86 3397 290 3464 sepulturarum
308 3411 351 3445 res
369 3395 477 3458 egitur,
491 3397 559 3447 dicit
575 3396 713 3448 extulerat
720 3420 729 3460 ,-
756 3398 831 3464 [uem
848 3408 878 3452 et
895 3399 1007 3468 efferre,
1025 3411 1066 3453 est
1082 3403 1121 3457 ed

86 3465 255 3533 sepulturam
272 3465 355 3514 serre.
391 3462 534 3515 Terentius
552 3465 903 3534 (Andr.1,1.):Effiertur,
921 3468 1015 3534 trouu]
1047 3472 1123 3524 Item

85 3534 114 3586 in
133 3547 235 3602 querno
253 3532 350 3598 (sss).
375 3531 438 3647 (pule
463 3539 504 3581 est
524 3533 699 3602 navigaturus
716 3538 835 3599 Aeneas,
858 3545 886 3588 et
909 3537 1054 3590 relicturus
1070 3540 1122 3592 Di·

85 3602 202 3668 donem,
227 3601 306 3652 dicit:
333 3599 379 3650 Tit
400 3600 449 3649 oui
474 3615 598 3652 croceum
625 3603 736 3668 liquens
760 3621 865 3655 eurora
890 3607 989 3657 cubile.
1038 3607 1121 3674 Quod

85 3672 150 3723 licet
173 3669 345 3741 superfluum
369 3668 418 3733 sit,
440 3667 469 3718 iu
494 3669 586 3720 multis
610 3678 706 3724 tumen
729 3672 797 3724 locis
820 3672 958 3723 invenitur
982 3675 1121 3741 [necessu-

84 3737 181 3804 1·ium.]
214 3738 331 3790 Miseris
356 3737 537 3797 mortalibus3
560 3739 607 3806 qui
628 3749 691 3790 sunt
713 3740 830 3793 subiecti
851 3747 892 3791 tot
915 3742 1029 3794 casibus.
1063 3745 1123 3798 Ho-

86 3823 179 3859 merus
197 3807 237 3875 (11.
255 3822 286 3869 z.
305 3805 371 3866 31.);
388 3803 504 3860 Anicius
520 3811 654 3876 βροτοῖσι,
672 3809 691 3860 i.
709 3829 732 3862 e.
749 3809 856 3863 miseris
871 3811 1044 3877 mortalibus,
1062 3831 1122 3869 non

86 3875 203 3942 timidis,
219 3877 295 3944 [cum
312 3870 397 3927 desiit
415 3879 607 3942 etmiserum,
625 3886 653 3931 et
668 3880 798 3930 timidum
818 3878 971 3948 significet]
988 3908 1023 3918 -
1058 3887 1121 3941 184.

88 3944 199 4010 Opere,
222 3957 304 4010 atque
328 3945 453 4009 leviorem
480 3944 531 3998 leoc
557 3964 627 4014 opus
651 3956 679 3999 et
701 3944 769 4001 taee'
794 3966 877 4014 opera
902 3957 967 4001 tunc
992 3949 1121 4016 dicimus,

86 4010 196 4082 quaudo
218 4012 360 4081 negotium
383 4012 475 4082 ipsum
498 4015 573 4086 quod
595 4014 717 4086 geritur,
736 4016 949 4087 significemus(
969 4017 1121 4095 stentem

1115 4244 1126 4269 Ι
