2424 4506
14 4144 21 4171 l

49 3766 52 3771 '
118 3764 266 3828 temptum.

110 303 177 368 ssu
361 291 503 357 suurn
526 276 885 371 conuaurnmus

115 480 193 533 iuno.
237 478 311 531 Nam
339 495 423 531 nuces
445 477 476 530 iu
504 478 592 531 tutela
622 484 685 529 sunt
708 475 785 528 lovis.
825 468 905 528 Unde
936 480 966 529 ct
984 470 1139 543 'iuglandes

115 555 256 614 uocantur,
272 549 349 616 quasi
366 547 434 598 Iovis
451 546 572 616 glandes.
605 546 678 598 Nam
694 546 761 597 illud
779 544 890 612 vulgare
908 551 958 609 est,
973 543 1039 595 ideo
1055 540 1139 622 spargi

29 667 32 678 ,
117 632 217 681 nuces,
239 624 269 665 ut
285 615 455 686 rapientibus
473 616 565 683 pueris
588 613 637 666 fiat
659 615 801 680 strepitus,
823 631 859 664 ne
876 612 985 683 puellae
1001 627 1051 661 ror
1067 626 1139 679 virga-

91 709 95 730 :
119 686 236 736 nitatem
259 684 419 754 deponentis
442 685 526 751 possit
543 683 640 735 audiri.
672 683 758 733 Medo
775 690 869 733 tamen
886 682 949 732 ideo
968 681 1023 732 ait:
1037 678 1139 759 'Spfltgt

117 754 218 804 marite
235 769 332 817 nuces,
355 760 387 803 ut
403 752 610 821 eumculparet
633 751 773 803 infamiae.
807 750 881 801 Nam
905 747 1045 801 meritoris
1061 762 1139 819 pueri,

117 821 138 874 i.
162 839 186 872 e.
208 821 345 886 catamiti,
368 820 466 888 quibus
490 821 606 872 licenter
631 821 779 871 utebantur
803 818 926 886 antiqui,
946 818 1139 869 recedentem

119 889 197 958 turpi
212 891 335 956 servitio,
351 906 436 940 nuces
450 880 627 956 spargebant,
643 888 662 938 i.
679 906 704 940 e.
720 887 815 938 ludum
823 887 984 1005 1pueritiaer
1000 893 1031 935 ut
1046 880 1139 1003 sipiifi-

120 970 231 1023 carent,
253 974 282 1010 se
307 957 423 1027 puerilia
447 966 545 1010 cuncta
569 959 627 1007 iam
652 972 789 1025 spernere.
850 955 932 1005 icitur
949 952 1063 1006 etiami
1081 964 1139 1004 eoa

120 1042 190 1080 novo
207 1027 307 1076 marito
324 1042 410 1077 nuces
426 1021 519 1096 spargi
536 1027 654 1090 debere,
677 1025 751 1093 qued
769 1026 908 1105 proiectae
925 1023 955 1073 in
979 1031 1084 1075 terram
1097 1018 1139 1069 tri*

119 1094 234 1166 pudiurn
251 1095 414 1146 solistimum
436 1095 551 1160 faciant,
576 1094 650 1162 quod
673 1093 826 1161 auspicium
850 1091 885 1143 ad
906 1104 970 1142 rem
987 1087 1139 1141 ordiendam

121 1165 259 1232 optimum
277 1171 331 1214 est:
353 1163 396 1213 vel
412 1163 473 1214 ideo
499 1181 515 1213 a
538 1163 632 1231 pueris
648 1161 835 1229 aspergendas
847 1176 933 1211 nuces
948 1174 1016 1209 cum
1031 1155 1137 1223 strepitu

121 1241 152 1284 et
168 1230 289 1282 convicio
306 1230 455 1298 flagitari,
465 1249 501 1282 ne
517 1230 583 1300 quid
607 1245 676 1281 nova
701 1237 787 1296 nupta
804 1229 897 1280 audiat
913 1228 1072 1293 adversum,
1092 1232 1139 1293 qut

120 1300 180 1352 dies
197 1316 235 1350 nu
255 1301 356 1351 tiaram
373 1300 528 1357 dirimatur.
563 1298 682 1366 Quidam
705 1305 816 1367 putant,
842 1295 915 1366 quod
937 1296 1009 1349 haec
1030 1310 1089 1346 esca
1108 1288 1139 1343 all

119 1318 289 1420 incita'urlirm
312 1383 441 1424 venerem
465 1369 554 1419 iaciat.
588 1367 658 1419 Sane
681 1366 775 1418 fabula
797 1367 836 1418 de
855 1365 932 1416 nucis
957 1363 1066 1431 origine
1086 1358 1139 1417 iffi

120 1444 176 1489 est:
198 1436 272 1486 Dion
288 1452 336 1486 rer
357 1435 495 1488 Laconiae
511 1437 577 1500 fuit,
604 1437 652 1504 qui
675 1435 774 1487 habuit
794 1448 910 1487 uxorem
931 1433 1069 1503 iphiteem
1082 1429 1139 1481 Pra-

120 1505 187 1573 gnai
210 1505 312 1568 filiam,
339 1520 409 1572 quae
433 1504 677 1572 cum·Apollinem
706 1518 816 1555 summo
839 1502 916 1552 cultu
940 1509 969 1553 et
997 1497 1139 1553 reversata

52 1627 55 1633 ,
120 1573 242 1641 hospitio
271 1573 434 1640 recepisset,
462 1575 509 1625 ille
537 1573 712 1624 remunerari
736 1572 831 1623 volens
851 1570 925 1620 circa
948 1585 979 1620 se
1010 1568 1139 1637 hospius·

44 1664 51 1683 r
120 1643 240 1705 cultum,
261 1641 348 1691 tribus
365 1641 471 1693 filiabus
489 1657 603 1707 eorum,
624 1632 699 1710 ‘ipsae
716 1640 826 1707 Orphe,
842 1637 933 1707 Lyco,
949 1638 1083 1705 atCarya
1097 1650 1139 1702 ap·

119 1711 238 1782 pellatae
255 1716 330 1773 sunt,
347 1709 542 1763 divinationem
559 1712 706 1775 concessit,
723 1709 845 1771 adiecto,
868 1724 903 1757 ne
921 1706 1084 1775 proditrices
1096 1712 1139 1755 ut·

98 1773 104 1787 '
120 1781 229 1830 minum
241 1793 298 1828 esse
309 1778 414 1844 vellent,
431 1796 501 1831 neve
517 1787 690 1846 quaererent.
708 1778 782 1846 quod
799 1783 869 1828 esset
885 1780 963 1826 netas
976 1774 1054 1826 seire.
1087 1774 1139 1827 M

119 1846 208 1899 Liber
229 1853 309 1915 pater
333 1847 476 1899 adveniens
502 1847 682 1899 aDione·vel
706 1846 764 1898 eius
789 1860 873 1895 uxore
888 1853 1017 1910 receptus
1032 1838 1139 1910 hospitis

121 1922 177 1980 est,
199 1918 247 1982 qui
271 1929 335 1965 cum
358 1924 451 1966 amata
467 1933 484 1967 a
500 1933 529 1967 se
546 1916 636 1982 Carya
652 1916 757 1965 coitum
780 1912 909 1981 miscuitr
927 1908 1139 1963 reacuntis&

121 1999 207 2051 aegre
224 1981 310 2032 Liber
334 1986 471 2051 profectus
496 1991 579 2048 esset,
602 1992 716 2052 cogente
740 1981 842 2034 amoris
865 1980 1039 2051 impatientis
1059 1978 1139 2031 denuo

119 2050 296 2123 adxlrospites
318 2052 406 2115 redit,
429 2069 541 2104 causam
564 2053 746 2121 praetendens
764 2050 909 2101 dedicandi
931 2048 1004 2112 iani,
1026 2040 1139 2117 quodid

119 2136 170 2173 rex
187 2125 309 2182 voverat,
327 2120 372 2170 sed
389 2119 465 2188 Lyce
482 2129 509 2172 et
527 2121 636 2188 Orphe,
653 2120 791 2184 intellecto
809 2119 883 2169 circa
899 2133 1026 2169 sororem
1043 2116 1139 2184 Carya!

121 2186 220 2239 Liberi
238 2201 346 2253 amore,
363 2203 426 2240 eam
443 2191 581 2242 custodire
595 2196 763 2259 coeperunt,
780 2205 815 2239 ne
834 2203 899 2236 cum
917 2185 1021 2237 Libero
1037 2185 1063 2239 ei
1079 2186 1139 2237 aare!

97 2290 101 2295 -
120 2255 202 2325 copia
218 2253 350 2317 coeundi;
373 2272 441 2324 ques
463 2273 527 2307 cum
545 2258 629 2309 Liber
648 2265 726 2326 peter
744 2262 885 2319 moneret,
908 2262 1095 2322 terreretque,
1113 2256 1139 2301 ut

120 2326 215 2376 saltim
241 2331 389 2393 praecepta
417 2326 547 2392 Apollinis
578 2326 760 2377 custodientes
785 2323 960 2391 pertinacem¹
981 2321 1139 2390 diligentiam

120 2400 343 2462 compescerent,
366 2391 523 2461 videretque
544 2396 582 2446 ab
597 2396 686 2463 his-et
702 2408 828 2444 sororem
846 2393 937 2443 acrius
953 2391 1096 2456 custodiri,
1116 2392 1139 2441 al

120 2476 202 2512 suurn
230 2467 367 2511 secretum
399 2462 541 2514 studiosius
570 2464 688 2532 inquiri,
718 2460 834 2530 Orphen
858 2468 888 2512 et
910 2460 1001 2527 Lyco,
1029 2458 1139 2511 imatzu

104 2531 216 2583 'furore
234 2528 269 2579 ad
286 2529 438 2596 Taygetum
454 2540 579 2584 montem
597 2540 688 2602 raptas
710 2531 739 2581 in
758 2547 836 2581 sacra
853 2530 997 2580 convertit.
1031 2529 1139 2596 Caryam

121 2613 290 2666 veroquam
315 2606 455 2649 amaverat
478 2600 508 2651 in
525 2603 622 2652 eodem
646 2608 741 2664 monte
764 2599 793 2649 in
817 2597 951 2648 arborem
974 2595 1016 2647 sui
1032 2594 1139 2649 nomini!

120 2666 216 2731 vertit,
239 2683 310 2734 quae
327 2666 424 2718 Latine
450 2685 509 2718 nux
527 2671 642 2735 dicitur,
666 2669 739 2736 quod
762 2674 856 2736 postea
874 2666 963 2717 Diana
985 2665 1024 2725 ita
1045 2666 1139 2717 factum

120 2733 244 2786 Laconas
269 2734 368 2786 docuit.
402 2736 480 2802 Unde
502 2739 637 2807 templum
664 2736 802 2804 Caryatidi
825 2735 934 2786 Dianae
956 2752 972 2785 a
996 2733 1139 2785 Laconibus

119 2810 320 2854 consecratum.
353 2803 431 2855 Unde
449 2813 476 2857 et
491 2807 558 2857 illud
576 2807 681 2856 dictum
699 2813 755 2869 est,
774 2804 840 2854 Tibi
858 2806 973 2854 ducitur
992 2821 1077 2854 uxor:
1092 2802 1109 2852 i.
1120 2817 1139 2852 a

45 2912 48 2917 ,
119 2871 172 2922 aul>
189 2879 236 2921 tuo
253 2872 367 2922 nomine
384 2872 445 2923 aliis
461 2875 585 2926 ducitur:
609 2883 639 2924 ut
655 2891 718 2925 eam
736 2888 792 2924 non
808 2872 876 2939 ipsi,
899 2875 948 2924 sed
963 2872 1023 2923 aliis
1039 2871 1139 2923 servitu

119 2954 182 2991 ram
199 2939 346 3006 significet:
371 2942 475 2994 scilicet
492 2944 549 2994 eius
567 2941 782 3012 corruptoribus.
817 2941 886 2997 Tibi
903 2943 1007 2991 deserit
1022 2939 1139 3006 hesperus

120 3008 238 3073 Oetam,·
255 3018 380 3059 montem
398 3011 568 3063 Thessaliae:
585 3009 638 3079 [in]
654 3027 707 3077 quo
725 3011 867 3076 [Hercules
885 3018 992 3061 exustus
1010 3008 1139 3061 estvolent

120 3075 225 3140 (Burin.
250 3077 321 3129 coni.
346 3079 478 3143 dolens),
509 3089 655 3148 postquam
684 3096 713 3130 se
738 3094 837 3130 exuere
863 3094 920 3128 non
948 3079 1038 3145 potuit
1060 3076 1139 3129 tunica

119 3142 198 3194 Nessi
212 3144 343 3195 Centauri
360 3163 459 3199 cruore
476 3151 576 3213 tincta,
594 3156 622 3198 et
638 3155 700 3216 post
715 3147 745 3197 in
762 3147 869 3197 caelum
886 3154 1077 3214 receptus-eat.
1106 3144 1139 3194 Da

118 3211 175 3263 hoc
191 3211 298 3275 monte]
315 3214 408 3265 stellae
426 3216 552 3267 ridentur
577 3217 718 3279 occidere,
740 3216 810 3265 sicut
827 3216 860 3267 de
878 3216 926 3266 Ida
952 3216 1041 3266 nasci:
1063 3221 1093 3265 ut
1108 3214 1139 3279 (el

120 3289 154 3342 2,
173 3278 258 3340 801.):
285 3280 400 3348 Iamque
419 3287 497 3352 iugis
514 3303 639 3334 summae
658 3285 789 3351 surgebat
814 3283 918 3354 lucifer
936 3285 1013 3335 ldae.
1047 3282 1139 3334 Ethai

120 3347 202 3411 dicit,
222 3348 286 3413 [tibi
303 3350 438 3423 Hesperus
462 3353 596 3418 deserit3]
620 3356 689 3418 tibi,
713 3355 731 3403 i.
750 3369 773 3403 e.
790 3363 905 3420 propter
924 3360 950 3404 te
968 3368 1020 3403 nor
1037 3350 1139 3413 advenit

118 3416 163 3485 [In
181 3417 279 3466 eodem
296 3427 392 3470 monte
408 3422 545 3488 Hesperus
568 3424 622 3474 coli
639 3423 753 3485 dicitur,
777 3423 825 3488 qui
842 3423 1037 3488 Hymenaeum
1051 3418 1139 3497 speciq

92 3506 97 3514 ·
119 3498 183 3533 rum
207 3499 325 3552 puerum
349 3503 454 3540 amasse
478 3491 592 3555 dicitur,
623 3495 669 3557 qui
693 3493 865 3556 Hymenaeus
889 3492 978 3540 fertur
1001 3490 1031 3540 in
1053 3490 1139 3556 nuptm

120 3551 268 3615 Ariadnes,
292 3562 321 3604 et
338 3553 432 3607 Liberi
457 3562 542 3624 patris
560 3575 655 3610 vocem
678 3559 827 3628 perdidisse
851 3559 1002 3623 cantando,
1024 3574 1056 3610 ex
1079 3556 1139 3607 cuitu

42 3676 45 3681 Ι
119 3621 235 3672 nomine
254 3624 367 3688 nuptiae
390 3625 479 3678 dictae
504 3627 585 3691 sunt]
604 3655 635 3664 -
677 3638 720 3684 32.
739 3628 765 3679 Ο
785 3630 879 3694 ἅίςηο,
899 3629 1133 3677 coniunctissimi

118 3687 177 3740 iam
193 3689 438 3806 insultatlpuellae.
472 3696 556 3763 [Ergo
584 3697 621 3746 sic
639 3697 895 3766 pronunciandum,
917 3704 949 3745 ut
971 3695 1075 3748 habeat
1090 3710 1138 3745 con

136 3824 142 3837 Ι
171 3826 176 3838 Ι
331 3762 392 3824 iro,·
417 3763 530 3831 Mopso,
553 3766 653 3814 rustico
679 3774 708 3816 et
731 3766 866 3829 deformi,
890 3765 1003 3833 qualem
1026 3773 1057 3816 tu
1075 3780 1139 3833 quae

119 3834 185 3904 sisti.
220 3827 298 3877 Dum
317 3830 437 3895 despicis
458 3850 569 3896 omnes,·
596 3841 623 3884 et
647 3834 780 3885 iracunde
803 3834 883 3898 dicit,
908 3850 972 3884 eom
998 3849 1093 3887 omnes
1110 3833 1139 3883 de

119 3910 242 4013 qprcere,
265 3913 330 3948 cum
353 3915 382 3949 se
399 3901 487 3950 solum
504 3901 643 3970 despiciat.
660 3928 692 3939 -
728 3911 770 3960 33.
788 3903 853 3952 Meo
865 3902 989 3969 fistulo;
1013 3903 1139 3954 cantilena

153 3981 250 4030 umque
275 3967 413 4032 capellae,
436 3970 539 4035 scilicet
563 3971 614 4021 tibi
631 3980 694 4022 sunt
711 3969 794 4035 odio]
812 3998 844 4008 -
888 3976 932 4026 34.
949 3970 1138 4039 Hirsutumqu

123 4035 325 4102 supercilium,-
351 4038 456 4104 [utrum
472 4038 587 4106 natura,
610 4057 646 4092 an
664 4041 739 4111 quod
755 4039 807 4092 tibi
824 4041 863 4094 ita
879 4040 1026 4108 videtur‘l]
1048 4042 1139 4095 Perit
