2424 4506
110 294 178 357 ,ω
376 278 508 339 ruant
531 274 896 341 constantinus

177 470 236 523 ω,
252 478 280 535 2,
295 470 341 525 24.
357 464 497 533 Amphion
510 463 669 527 Dircaeum
685 464 875 535 Amphionem
891 472 924 517 et
941 466 1063 518 Zethum
1078 466 1145 516 Erui-

108 542 199 617 pides,
222 548 252 592 et
266 536 340 607 apud
363 551 413 586 nos
431 536 574 597 Pacuvius,
598 534 668 584 lovis
690 548 723 585 ex
739 536 877 601 Antiopa,
898 536 1002 603 Nyctei
1025 534 1093 597 filia,
1112 534 1142 585 eit

108 620 205 675 natos,
228 606 366 659 cantando
388 604 504 655 coluisse
521 610 652 655 armenta
667 618 775 654 vocare.
808 603 967 655 Testantur
983 604 1013 656 id
1030 604 1137 665 Thebae,

108 698 178 753 quae
194 676 351 749 Apollonius
374 673 403 723 in
422 670 614 739 Argon-euticis
638 689 656 725 a
678 671 812 723 iratribus
827 672 980 725 antedictis
995 688 1076 725 muro
1092 674 1136 723 isse

108 752 214 803 clausas
238 748 285 799 ait.
320 742 374 794 Sed
391 740 492 791 Zethus
517 740 643 792 humeris
664 756 727 791 saxa
750 741 870 793 contulit
890 743 989 811 operi,
1011 744 1133 813 Amphion

109 828 194 871 cantu
215 814 335 875 vocarit,
363 810 501 878 siquidem
526 824 622 861 sensus
644 808 812 861 animalium
841 811 953 862 facilius
976 816 1061 879 qaum
1083 827 1132 861 sarr

109 890 265 939 vincumtur.
301 880 461 947 Pamnyasis
483 877 605 945 (Pana.)
628 886 656 930 et
671 878 825 931 Alexander
848 878 942 947 lyram
965 897 983 932 a
1005 880 1129 931 Mercurio

110 955 224 1009 muneri
235 953 329 1005 datam
343 950 423 1003 dicit,
440 948 513 1015 quod
526 948 635 1017 primus
648 946 788 1015 Cauarum
804 948 975 1001 liberaverit.
997 946 1128 1001 Dircaeum

107 1036 203 1080 antem
226 1022 294 1073 dixit
315 1035 366 1090 pro
390 1018 541 1078 Thebano,
565 1035 581 1067 a
605 1018 684 1067 ioute
706 1016 799 1067 Dirce.
842 1020 950 1069 Actaeo
971 1018 1128 1085 Aremtha,-

108 1108 228 1149 amoeno
246 1098 341 1141 monte
359 1086 510 1147 Thebano,
526 1100 611 1152 quem
627 1086 762 1137 aeneum
777 1085 860 1152 dixit,
875 1087 1080 1153 non.Atticurn,
1093 1084 1127 1138 sed

109 1162 186 1233 quod
202 1161 241 1213 ibi
259 1162 381 1210 Actaeon
398 1172 415 1206 a
431 1154 545 1205 canibus
569 1154 605 1205 ait
626 1153 771 1205 laceratus.
788 1180 822 1192 -
864 1159 910 1211 48.
927 1156 1070 1207 Narcissus
1083 1156 1127 1219 ilos,

54 1240 57 1245 '
108 1241 140 1285 ut
156 1229 297 1283 acesinus
321 1224 423 1287 refert,
446 1240 463 1273 a
480 1222 609 1273 Narcisso
625 1222 805 1291 Amaraathi,
826 1224 876 1293 qni
897 1225 956 1277 nat
976 1224 1127 1287 Erechtheis,

107 1318 141 1355 er
157 1298 247 1351 uuula
263 1295 395 1355 Euboea,
417 1292 603 1359 interemptus
618 1290 655 1342 ab
672 1291 784 1371 Epope.¹
810 1293 852 1343 Ex
867 1308 971 1345 mucre
988 1294 1048 1345 dm
1062 1293 1127 1344 flora

106 1372 157 1439 qui
179 1382 283 1419 nomen
300 1364 359 1417 eins
376 1368 546 1427 acceperunt
570 1370 718 1428 procreata.
753 1363 777 1413 Δ
799 1361 909 1431 pictore
925 1362 1049 1415 Narcissi
1068 1362 1126 1413 flori·

103 1436 161 1493 hue
184 1436 338 1503 Erinnyas,
357 1432 377 1482 i.
394 1450 419 1481 e.
441 1430 528 1480 furias
552 1429 657 1498 primas
680 1444 741 1481 esse
761 1438 910 1481 coronatae
932 1432 1020 1485 aitmt.
1036 1464 1066 1474 -
1095 1437 1126 1489 61,

108 1509 221 1569 Pallam
246 1502 283 1556 ab
306 1502 403 1553 hastae
426 1498 600 1567 quassatione
623 1499 711 1563 dicta,
733 1498 753 1551 i.
775 1515 800 1550 e.
822 1498 993 1567 vibratione,
1013 1500 1086 1571 quod
1102 1502 1127 1551 rit

105 1578 238 1631 bellicosa
251 1590 260 1634 3
275 1566 388 1623 amm
410 1568 505 1630 euim,
528 1575 645 1635 quatere
668 1574 769 1621 vocant
783 1567 897 1623 Graeci
930 1570 1009 1626 Haec
1023 1570 1126 1643 μύω

105 1642 304 1701 aedificationis
321 1654 402 1690 nsum
419 1636 553 1688 invenisse
570 1636 680 1689 dicitrrr.
1158 1680 1160 1687 ,

176 1711 235 1764 Ecl
253 1719 286 1777 3,
301 1712 346 1765 4ο,
364 1707 477 1767 Canem
494 1704 601 1757 Samius
611 1705 844 1770 Mathematicus,
860 1708 1012 1778 Aegyptius
1028 1709 1125 1771 natine,

105 1782 267 1837 Ptolemaeo
296 1777 383 1830 libros
406 1776 441 1829 de
464 1774 620 1844 molegio
647 1782 756 1845 reptem
783 1774 912 1844 reliquit,
940 1778 990 1831 aed
1012 1778 1123 1847 quonism

104 1858 219 1907 fuerunt
242 1844 449 1909 Mathematici,
471 1844 613 1912 eleganter
634 1846 770 1895 rtuticum
795 1853 939 1897 errantem
960 1845 1076 1913 inducit,
1094 1846 1124 1897 di·

104 1917 324 2043 {eutemzthuis
346 1912 517 2035 iuitnalgqrsg
535 1913 611 1965 Alter
634 1917 710 2033 enitnrlr
729 1914 868 2034 acciqsitur
891 1916 1122 2037 uqurlqemexegnoffi
1158 1978 1160 1989 Ι

127 2006 193 2042 orro
217 2007 234 2041 a
257 2004 339 2040 erum
362 2003 397 2056 po
482 2000 500 2033 n
518 2000 602 2047 nem,
662 1999 677 2033 e
750 1998 793 2034 roa
811 2019 819 2048 ,
840 1999 906 2035 sace
1155 2020 1160 2027 .

103 1998 941 2199 saturianum’atteiensem
957 2053 1122 2189 cufi
1157 2152 1161 2167 .

102 2214 189 2319 qinein
207 2197 273 2248 fides
290 2195 396 2245 videtur
412 2199 526 2255 nutare,
543 2204 677 2255 quomam
694 2190 872 2258 Prognostica
890 2192 1004 2252 iecerit;
1026 2194 1120 2260 quidam

132 2267 272 2329 esiodum,
300 2263 373 2331 quod
397 2259 509 2312 dixerit:
540 2255 688 2325 Πληιᾶδων
709 2255 895 2329 Ἀτλαγενέων
920 2260 1118 2330 intremulam,

101 2336 177 2409 quod
194 2345 222 2387 et
238 2335 298 2387 hic:
314 2333 456 2398 Tempora
474 2345 545 2397 quae
562 2344 681 2393 messor,
699 2345 769 2398 quae
782 2344 880 2380 curvus
900 2339 996 2382 arator
1013 2332 1117 2384 haberet

172 2406 228 2455 Ecl.
251 2410 283 2465 lt,
305 2407 331 2457 4,
357 2400 486 2459 οιιιιιαιί;
512 2397 555 2448 vel
578 2415 594 2448 a
617 2398 733 2467 Sibylla,
757 2416 828 2467 quae
853 2401 994 2462 Cumarum
1025 2408 1117 2471 etpost

102 2482 232 2543 quattuor
250 2472 340 2523 secula
357 2467 560 2536 παλιγγενεσίαν
576 2468 699 2519 suturam
717 2469 832 2528 cecinit3
849 2469 891 2521 vel
901 2470 1020 2523 Cumaei
1036 2471 1117 2522 canu·

102 2544 160 2607 nis,
183 2543 201 2593 i.
225 2562 247 2593 e.
272 2539 399 2605 Hesiodi,
430 2558 446 2589 a
469 2544 547 2606 patre
570 2534 638 2601 Dio,
668 2536 716 2606 qni
741 2539 881 2589 Ctmtaeus
903 2540 966 2591 luit.
1006 2540 1118 2591 Hesiodus

102 2621 196 2663 eruam
220 2611 298 2663 libris
322 2609 376 2658 suis
401 2614 530 2676 quattuor
555 2606 710 2657 seculorum
733 2606 801 2658 facit
823 2607 1008 2659 mentionem.
1024 2637 1057 2646 -
1083 2613 1117 2665 st

103 2682 230 2750 Tiphys,-
254 2678 423 2746 gubernator
449 2675 525 2725 navis
548 2677 644 2740 Argus.
686 2678 760 2743 Argo
784 2693 801 2727 a
826 2677 968 2729 celeritate
993 2676 1061 2730 dicta
1079 2683 1116 2729 est

101 2752 146 2803 sic
164 2760 192 2802 et
210 2752 363 2811 Homerus,
381 2745 428 2814 qui
445 2740 526 2795 uivus
543 2737 641 2812 aioyoic
658 2743 760 2796 celeres
778 2745 851 2796 dixit.
888 2746 956 2798 lude
971 2744 1117 2816 arguti,q1d

102 2821 221 2872 multum
240 2835 272 2867 uc
289 2815 417 2866 celeriter
439 2814 604 2882 loquuntur,
627 2821 657 2862 ut
678 2821 776 2881 arguta
801 2815 928 2865 hirundo.
946 2840 981 2853 -
1016 2822 1055 2873 58„
1071 2814 1117 2865 Pan

101 2892 202 2952 etiarn5
227 2888 300 2950 Pan,
323 2882 457 2933 Mercurii
482 2890 510 2934 et
535 2881 685 2950 Penelopes
709 2883 794 2947 filius,
823 2883 944 2934 listulam
966 2900 1116 2952 carmenque

101 2956 264 3027 composuit.
298 2952 422 3019 Simplici
445 2950 591 3005 iteratione
609 2950 707 3002 eadem
732 2960 920 3016 consectatur,
945 2961 976 3003 ut
991 2954 1032 3007 ibi
1048 2954 1117 3021 (G.l,

100 3028 187 3087 :utu
211 3023 386 3075 Oceanitides
403 3021 519 3085 arubae,
536 3019 643 3070 Ambae
661 3036 744 3085 auro,
768 3020 847 3090 pictis
864 3022 1003 3074 incinctae
1018 3023 1116 3094 pellibus

98 3098 208 3149 arnlsae.
244 3094 323 3141 Nunc
341 3107 455 3142 ‹tasuum
474 3098 501 3140 et
518 3104 654 3153 generum
670 3090 884 3158 permutatione,
901 3099 933 3140 nt
951 3093 989 3157 (Α.
1009 3098 1033 3156 1,
1048 3090 1117 3151 tul:

100 3168 188 3217 llerea
205 3162 251 3212 cui
268 3161 399 3229 gradibus
416 3158 566 3226 surgebant
581 3156 695 3221 limina,
718 3174 858 3226 nexaeque
876 3162 946 3211 Aere
963 3161 1068 3224 naba,
1084 3161 1116 3211 io·

97 3234 175 3286 ribus
192 3232 276 3283 cardo
293 3229 427 3281 strideb'at
444 3226 546 3279 ahenis.
580 3227 651 3277 Item
670 3229 710 3293 qh
728 3232 763 3291 4,
782 3228 865 3287 lsai:
883 3229 937 3279 Cui
954 3229 1080 3299 pharetra
1092 3242 1115 3279 ea

97 3317 184 3369 atrro,
214 3298 304 3350 crines
327 3299 465 3350 nodantur
489 3297 519 3347 in
543 3309 657 3360 aurtnn,
687 3298 778 3347 Aurea
803 3313 973 3366 pnrpuream
998 3296 1118 3350 subnectit

84 3371 181 3424 -ubnu
199 3378 310 3420 vestem.
345 3368 388 3421 Ne
405 3371 440 3418 sit
455 3366 577 3428 mirmn,
604 3362 678 3416 hanc
696 3381 806 3434 quoque
823 3366 1003 3420 iterationem
1020 3387 1037 3422 a
1050 3369 1116 3419 Poiu

94 3444 308 3509 frequentatam.

166 3509 223 3561 Ecl.
245 3514 277 3573 6,
300 3512 345 3563 31.
377 3503 506 3570 Namque
531 3503 665 3568 canebat5
689 3502 823 3554 haetenus
846 3503 984 3569 breviter3
1006 3522 1076 3558 nunc
1094 3510 1117 3555 ut

97 3578 188 3630 omnis
205 3575 329 3647 quaestio
345 3580 496 3635 tractetur,
519 3572 676 3640 quaeritur,
699 3588 734 3623 an
752 3577 833 3640 po'e'ta
851 3582 983 3640 quattuor
1008 3577 1117 3641 solis,el

96 3646 140 3699 lais
164 3647 195 3698 in
218 3644 348 3697 omnibus
371 3642 508 3712 principia
531 3657 629 3691 rerum
653 3643 800 3692 convenire
818 3642 983 3695 confirmet?
1007 3654 1069 3696 tnnc
1083 3643 1118 3693 de·

96 3715 176 3768 inde:
202 3733 237 3769 arr
260 3712 391 3766 revolutis
416 3727 498 3779 super
522 3711 619 3761 eadent
646 3726 677 3759 re
699 3709 836 3774 serisibns,
866 3713 947 3780 paria
970 3708 1116 3783 percurratl

96 3785 133 3836 Ut
149 3786 235 3853 igitur
250 3796 364 3835 sensnm
382 3780 463 3847 plene
479 3779 681 3846 intelligamus,
704 3778 757 3828 hoc
775 3779 848 3845 quod
874 3788 914 3830 est
937 3782 974 3832 ab
991 3800 1026 3834 eo
1042 3794 1118 3835 versu:

96 3853 224 3922 Namque
242 3850 362 3903 canebat
376 3856 442 3904 etc.;
460 3851 604 3918 proprium
621 3850 649 3899 in
667 3847 780 3914 Virgilio
799 3856 847 3913 est,
863 3857 895 3898 ut
911 3851 983 3902 nihil
999 3862 1119 3921 inagnum

96 3938 144 3974 atta
163 3923 327 3974 arroteritate
345 3918 507 3981 confirmet,
530 3917 578 3968 sed
597 3925 646 3968 ant
662 3933 679 3967 a
696 3915 783 3966 Musis
800 3918 969 3985 conceptum
986 3918 1071 3987 dicat,
1084 3924 1121 3972 snt

98 3990 265 4043 admirabile
294 3990 388 4040 famae
417 3986 532 4037 tribuat.
586 3987 644 4036 Hoc
676 3985 788 4053 qnidam
825 3986 1000 4041 diffidentiae
1035 3991 1123 4041 dicunt.

94 4058 169 4113 Nem
187 4060 210 4113 si
230 4056 392 4124 confirmet,
408 4055 552 4125 inquinat,
569 4055 714 4125 opiniones
731 4054 895 4124 hominnm,
911 4057 950 4111 ad
966 4059 1124 4113 medendam
