2288 4514
65 232 69 273 l

118 312 155 354 n
180 292 342 359 naara.
364 295 542 389 tanaro,
559 295 638 368 tta.
659 299 714 372 xi,
736 262 933 379 roo-sstos
1010 259 1121 425 rip

66 493 128 528 csse
151 477 291 532 dicuntur.
325 477 368 530 Sic
384 478 529 541 Minervae
552 485 624 535 aries
648 499 707 535 esse
730 482 905 552 dignoscitur.
923 509 956 522 -
991 475 1077 542 260(
1115 458 1142 529 Ἃ

65 563 148 612 arque
170 546 344 614 Capberetts3
369 545 403 600 ro'
426 545 492 604 αὗτό
519 559 572 619 est,
596 553 613 603 i.
632 571 655 604 e.
678 560 770 618 cautes
794 553 942 623 Eubpicae.
975 552 1050 605 Nam
1098 553 1101 560 ’

65 629 126 666 toea
143 616 233 667 insuta
252 625 307 680 cst,
330 621 360 677 in
378 634 433 685 qua
456 637 535 673 mons
553 621 726 688 Caphereus,
751 621 824 672 circa
847 636 931 690 quem
949 621 1050 674 Graeci

65 685 122 735 iere
147 686 301 750 naufragia.
337 686 414 737 Ultor
438 697 531 739 autem
553 689 614 740 ideo
633 690 711 754 dixit,
734 689 807 757 quod
824 690 955 761 Nauplius
972 690 1049 742 Pala·

65 752 100 802 iis
117 760 199 821 pater
217 753 325 816 dolens,
342 754 430 806 filium
447 773 527 813 suum
544 758 663 809 factione
679 757 894 825 interemptum,
911 759 989 809 utin
1006 775 1047 811 se·
1126 793 1129 801 ·

66 821 101 871 do
121 821 190 887 (81.)
212 821 521 890 [cotnbnemoravimun
537 827 730 893 curn,vide1·et,
747 826 868 878 Graecos
885 835 1048 894 tempestate
1078 868 1088 898 ,

65 906 156 954 trare,
178 898 305 943 montem
328 892 503 961 Caphereum
528 896 662 946 accendit:
688 902 715 946 et
738 895 808 947 elata
830 897 920 950 facula
936 899 1048 964 signum

65 961 87 1007 it
103 959 189 1011 ucini
205 962 316 1025 portua
345 978 399 1028 qua
421 979 453 1014 re
469 963 576 1037 decepti
595 963 695 1016 Graeci
717 965 790 1014 inter
807 965 972 1033 asperrimos
988 977 1048 1014 sco*
1121 997 1129 1025 7

65 1044 84 1076 ts
103 1027 285 1095 nardragium
302 1031 484 1098 pertulerunt.
498 1057 529 1068 ω
565 1037 626 1089 262.
644 1035 753 1082 Atrides
772 1030 863 1084 Protei
880 1033 1045 1099 Menelaus,·

66 1112 204 1148 memnon
224 1104 255 1148 et
267 1098 408 1149 Menelaus
432 1115 486 1150 uno
505 1101 617 1167 quidem
639 1102 758 1164 fataliter
782 1103 892 1153 fuerant
908 1102 1042 1172 supplicio

65 1165 146 1216 iuati.
184 1165 312 1233 Namque
328 1168 426 1218 Atreus
444 1176 472 1220 et
489 1170 619 1237 Thyestes
636 1171 865 1222 iratresluerrutt
881 1170 910 1220 in
928 1187 956 1222 se
976 1169 1046 1222 invt-

65 1253 70 1284 t
100 1233 192 1297 saevi,
220 1234 289 1285 adeo
321 1243 352 1285 ut
376 1235 599 1306 Thyestesxcum
623 1239 729 1308 Aerope
762 1238 814 1305 (al.
838 1239 984 1305 Maeropa,
1014 1238 1046 1290 V.

65 1303 99 1353 elf.
112 1303 145 1353 11.
167 1303 292 1368 merope)
309 1303 402 1355 fratris
419 1318 502 1356 uxore
520 1307 724 1370 concumberet,
741 1306 814 1375 quod
830 1307 925 1360 dolens
938 1307 1046 1371 Atreus,

65 1387 110 1423 ros
128 1371 186 1423 eius
204 1372 352 1440 epulandos
366 1371 419 1440 lei]
436 1390 470 1440 ap
493 1376 569 1424 osuit.
604 1376 654 1426 Sed
676 1392 741 1426 cum
759 1375 890 1443 Tlryestes
912 1383 975 1443 post
997 1387 1043 1424 co·

65 1456 118 1489 um
139 1440 248 1490 facinus
270 1441 428 1507 requireret
451 1389 599 1507 allionern,
623 1442 649 1495 ei
665 1444 760 1511 Apollo
785 1443 939 1525 respondit:
984 1457 1044 1494 osse

79 1509 185 1560 scelere
203 1508 274 1558 illius
291 1510 421 1560 facinoris
437 1510 571 1562 vindicem
589 1511 662 1561 nasci
671 1549 678 1575 ,
694 1511 797 1563 scilicet
813 1530 837 1564 st
851 1528 917 1563 cum
931 1461 995 1562 Pelo
1016 1511 1044 1562 ia

73 1576 221 1643 Pelopeia,
244 1577 279 1627 R.
295 1579 424 1645 pelagia,
448 1579 537 1630 Guell.
555 1582 574 1631 l.
592 1580 715 1646 pelopea)
740 1580 796 1631 tilia
813 1597 862 1632 sua
877 1527 1046 1632 coucumlie·

94 1645 157 1713 Quo
175 1648 250 1698 facto
272 1654 350 1696 natus
368 1655 408 1698 est
424 1649 568 1716 Aegisthus
596 1648 685 1700 totalis
702 1649 731 1699 in
747 1649 822 1700 Atrei
841 1649 984 1716 geminam
1000 1662 1044 1698 so·

65 1731 111 1765 tm.
131 1713 203 1767 .Sed
221 1714 342 1784 luppiter
358 1715 481 1767 Menelai
498 1721 554 1768 iata
570 1720 714 1767 miseratus
732 1725 780 1779 est,
797 1726 908 1786 propter
921 1717 1044 1768 Helenae

65 1766 100 1834 tle
129 1785 316 1835 consortium:
346 1792 374 1834 et
398 1801 463 1836 eum
495 1803 544 1855 per
569 1786 674 1845 diversa
698 1802 792 1837 errare
815 1785 928 1848 maluit,
958 1798 1043 1852 quam

66 1851 130 1901 istbi
155 1852 282 1903 manibus
305 1852 440 1906 interire..
462 1854 503 1921 [Is
528 1869 594 1923 ergo
611 1849 765 1919 Menelaus]
790 1852 836 1903 hic
860 1853 903 1917 (al.
920 1854 973 1913 sic)
998 1867 1041 1903 er·

65 1936 73 1970 t
98 1920 133 1970 ad
157 1926 311 1988 Aegyptum
336 1937 421 1987 usque
443 1924 581 1992 pervenit,
611 1922 659 1972 ubi
682 1923 795 1985 Proteus
826 1922 891 1981 deus
920 1920 1044 1972 marinus

65 1998 187 2040 neverat:
213 1991 257 2039 cui
282 1991 428 2056 aliquando
451 2000 531 2060 rapta
555 2009 572 2042 a
589 1991 698 2042 Theseo
715 1990 817 2042 Helena
841 1988 945 2040 dicitur<
965 2004 1041 2038 com·

65 2058 152 2108 adata:
183 2057 261 2109 Unde
279 2058 392 2126 qnidam
410 2059 519 2122 dicunt,
542 2061 616 2128 quod
634 2058 669 2110 ad
693 2074 754 2116 eam
779 2056 927 2128 petendam
945 2057 1042 2108 Mena·

65 2146 66 2169 l
89 2125 123 2177 ad
148 2125 304 2193 Aegjptum
335 2129 473 2192 profectus
504 2129 538 2178 sit
566 2137 627 2195 post
650 2129 722 2180 bella
745 2127 873 2179 Troiana.
922 2124 1042 2194 Quidam
1095 2140 1097 2145 ’

65 2203 102 2245 int
124 2211 179 2246 nec
195 2203 312 2264 <raptam
335 2211 393 2246 esse
418 2213 435 2247 a
458 2197 556 2249 Paride
579 2197 725 2248 Helenam:
749 2197 797 2248 sed
821 2196 905 2248 aliam
929 2206 1041 2245 cattsam

65 2264 74 2312 i
96 2263 330 2326 titisseaTroiaui,
353 2264 429 2315 illam
453 2265 581 2328 scilicet,
595 2266 667 2332 quod
684 2266 834 2316 Herculem
859 2269 1041 2332 quaerentem

65 2350 105 2383 arn
131 2333 227 2398 (codd.
252 2333 347 2383 Burm.
373 2334 469 2393 illam)
495 2335 633 2402 suscipere
662 2333 817 2385 noluerunt
867 2332 919 2399 Qui
946 2337 1041 2381 autem

65 2408 100 2449 int
116 2417 181 2451 eam
199 2409 309 2468 raptam
326 2419 342 2452 a
359 2400 465 2465 Paride,
483 2402 536 2452 hoc
554 2405 662 2465 dicunt,
680 2403 753 2470 quod
769 2398 881 2470 recepta
899 2419 914 2451 a
932 2399 1042 2463 Proteo,
1121 2463 1124 2469 ¹

75 2469 217 2520 Theseum
235 2471 269 2520 ad
287 2470 450 2525 Menelaum
470 2472 615 2522 transitum
639 2472 753 2535 fecerit,
778 2479 806 2522 et
829 2472 946 2520 siccam
965 2464 1041 2518 Paris
1097 2518 1099 2523 ,

65 2537 138 2588 terit
190 2537 346 2589 Secundum
377 2539 470 2607 quod,
503 2547 643 2608 utsupra
673 2538 810 2603 diximus,
832 2537 975 2588 Menelaus
1005 2532 1042 2586 ad

65 2615 162 2674 yptum
177 2608 247 2656 Iovis
264 2607 401 2658 voluntate
419 2609 555 2677 pervenit:
573 2608 728 2665 scilicetne
745 2607 783 2657 ab
798 2605 934 2674 Aegystlro
951 2609 1042 2671 posset
1060 2631 1063 2636 -

66 2675 140 2725 rimi.
175 2675 255 2741 Quod
271 2683 364 2726 autem
382 2676 422 2726 ait
441 2676 533 2738 Protexi
557 2675 718 2738 columnas,
742 2674 851 2726 ratione
876 2689 931 2723 non
958 2678 1041 2722 vacat.

65 2760 79 2792 n
108 2743 254 2794 columnas
277 2745 403 2794 Herculis
434 2745 551 2811 legimus
575 2753 603 2796 et
632 2743 661 2794 in
685 2745 772 2794 Ponto
799 2751 827 2794 et
849 2742 879 2792 iu
901 2739 1042 2808 Hispania.
1126 2744 1131 2755 '

65 2831 86 2861 tc
108 2819 206 2863 autem
229 2813 359 2863 Proteum
392 2814 572 2864 fortissimum
597 2821 625 2865 et
654 2812 786 2863 invictum
817 2815 923 2860 constat
950 2810 1042 2862 titisse.
1071 2868 1078 2876 ,

65 2882 137 2930 imru
154 2889 262 2944 autem,
280 2882 353 2948 quod
370 2897 466 2932 omnes
484 2884 584 2945 fortes,
600 2880 736 2930 Hercules
754 2879 924 2931 dicebantur.
961 2877 1040 2930 Unde

66 2958 112 2999 tur
130 2949 184 3000 hoc
202 2951 344 3001 affectasse
363 2949 505 3016 Virgilius,
522 2959 552 3000 ut
569 2949 762 3018 pro'sinibus,
786 2945 879 2997 Protei
896 2947 1042 2997 columnus

67 3025 125 3081 ret,
142 3035 212 3086 qrras
227 3017 326 3069 habuit
341 3018 480 3069 Hercules.
515 3019 550 3069 Ut
568 3018 738 3083 ostenderet,
753 3031 818 3069 eum
836 3014 921 3066 etia'm
938 3016 1042 3066 Hercu·
1117 3073 1119 3077 y

77 3087 193 3136 dictum.
229 3086 358 3153 Adusque
377 3088 523 3138 columnas
542 3087 633 3138 Protei
640 3105 648 3149 ς
674 3100 758 3152 usque
776 3084 810 3135 ad
823 3084 895 3135 iines
911 3082 1041 3151 Aegypti:

76 3163 132 3220 est,
155 3171 241 3222 usque
258 3155 294 3206 ad
310 3156 436 3219 Pharon,
460 3163 524 3206 ante
546 3156 679 3216 insulam,
704 3169 778 3203 nunc
803 3161 912 3221 partem
930 3154 1042 3203 Alexan·

68 3243 90 3275 e.
126 3223 255 3275 Lucanus
278 3227 337 3290 (10,
354 3223 439 3284 509.)t
464 3223 549 3274 Nunc
568 3226 724 3274 claustrum
747 3221 842 3288 pelagi
860 3224 930 3286 cepit
953 3218 1042 3287 (codd.

65 3294 91 3344 al.
111 3292 195 3343 Tunc
220 3309 240 3344 s.
266 3309 341 3343 nunc
361 3294 393 3343 cl.
410 3311 436 3359 p.
462 3294 567 3358 coepti,-
592 3292 685 3342 Guelf.
701 3291 820 3340 I.'nunc
844 3291 963 3356 plaustr.
980 3287 1042 3354 pel.)

67 3381 134 3426 ron,
159 3364 255 3413 insula
275 3363 415 3429 quondam
434 3362 469 3410 In
489 3362 576 3411 medio
595 3361 670 3410 stetit
688 3360 740 3411 itta
759 3361 834 3410 mari
852 3360 903 3409 sub
922 3370 1041 3423 tempore

67 3450 80 3480 s
106 3431 236 3497 Proteos,
265 3443 294 3481 at
325 3448 401 3480 nunc
427 3429 545 3481 Pellaeis
576 3441 616 3478 cst
641 3431 772 3495 proxima
799 3429 897 3478 muris.
947 3423 1041 3475 Protei

65 3498 255 3564 ÷m,.12atinus
277 3507 317 3550 est
341 3499 474 3566 genitivus
492 3497 654 3548 constrictus
677 3515 727 3567 per
744 3496 913 3565 synaeresin.
948 3494 1041 3544 Adus-

83 3577 180 3620 autcm
202 3568 242 3618 sic
265 3577 305 3620 est
329 3569 449 3630 dictum,
486 3566 721 3634 quemadmodum
753 3570 799 3630 (7,
825 3562 926 3631 289.)εῇ
944 3561 1040 3613 Siculo

65 3641 151 3703 spexit
169 3639 294 3705 abusque
312 3636 445 3687 Parisino.
479 3636 553 3685 Mum
575 3651 640 3685 cum
664 3632 830 3703 praepositio
847 3631 1044 3710 praepositioni

66 3720 151 3774 quam
163 3696 320 3770 cohaereat,
336 3707 461 3770 abusque
478 3712 505 3755 et
520 3705 646 3770 adusque
659 3705 774 3755 licenter
786 3700 937 3752 admissum
951 3709 998 3753 est.
1007 3722 1042 3737 ···

65 3814 67 3824 .
92 3775 216 3834 Exulat,
245 3775 372 3843 proprie:
395 3789 462 3824 tram
485 3774 599 3823 exulare
622 3772 750 3823 dicruttur
775 3769 822 3838 qui
846 3781 923 3819 satra
948 3770 1041 3822 solum

65 3856 81 3895 t.
117 3846 190 3895 Sane
212 3844 371 3906 sciendum,
388 3842 474 3909 'quia,
497 3857 551 3910 quo
576 3848 700 3909 tempore
719 3837 917 3890 Menelausiit
939 3840 975 3890 ad
992 3837 1043 3887 Aa·
1111 3833 1114 3840 '

65 3909 136 3964 turn.
160 3911 282 3982 perdidit
299 3911 445 3961 Canobum
468 3911 696 3976 gubernatorem,
721 3924 737 3958 a
756 3921 809 3974 quo
835 3906 925 3956 vicina
948 3907 1041 3957 civitat

64 3999 107 4033 ten
126 3981 252 4049 accepit,
266 3985 337 4048 quae
354 3978 496 4047 hodiequ‘e
512 3985 619 4030 mutata
634 3976 732 4039 litera,
748 3975 874 4042 Canopos
892 3975 936 4040 (al.
953 3975 1043 4025 Gano-
1061 4016 1064 4021 .

65 4073 74 4115 ς
98 4050 136 4104 R.
149 4048 304 4117 Canopost)
319 4049 486 4102 nuntiantur.
521 4047 615 4117 [Vidit
620 4068 630 4110 ‚-
648 4043 721 4123 mire
737 4042 848 4106 addidit,
865 4049 896 4093 ut
906 4048 944 4109 (3,
956 4039 1071 4115 tatte-
