2288 4514
34 206 60 251 ⁷
108 264 218 332 ,194
312 236 317 248 “
407 255 548 339 suurn
572 194 966 357 retinuerimus·
1040 236 1044 244 “

140 442 259 509 -Τιυιί,
281 440 355 511 quod
373 446 437 491 ortu
454 455 503 490 suo
522 438 606 511 effiqit
627 438 744 510 pluvias:
767 435 841 489 unde
855 436 968 489 stellae
994 431 1094 505 ipseel

146 506 304 574 ‘bacinum
328 506 383 563 ἅπό
401 506 451 562 τοῦ
469 503 547 561 irrui
571 525 638 577 qtras
655 506 748 559 Latini
758 504 893 625 genium]
910 504 1028 558 Sucrdas
1051 520 1094 573 sp}

155 589 229 636 rant
270 580 340 650 [Alii
363 579 515 647 hyadasa
538 580 642 649 porcis,
667 592 733 645 quas
786 573 862 625 raeci
886 566 918 628 ὗς
943 576 1054 636 dicunt,
1078 590 1093 625 e

155 667 218 703 tues
235 648 425 720 appellantur,
448 663 538 711 nona
556 647 667 716 pluviis,
691 648 758 713 quis
775 638 869 697 desole
886 652 1007 707 vocent,
1029 644 1094 695 dicta

156 720 245 790 piunt.
279 718 353 769 Nem
370 717 432 768 ideo
451 725 479 768 et
496 717 615 768 suculas
633 712 688 766 dici
704 732 722 766 a
744 714 845 765 suibus.
880 714 944 766 Hae
969 721 1033 764 sunt
1054 714 1081 765 iu

157 788 242 852 tauri,
257 785 288 838 in
304 789 426 838 sormam
443 786 466 839 Y
483 785 590 837 literae.
624 782 702 835 Unde
720 784 805 834 etiem
821 781 916 833 Yadas
936 781 993 834 dici
1010 782 1094 835 voluat

158 856 205 910 alii
222 862 345 923 septem,
368 854 416 907 alii
432 853 554 923 quiuque
572 853 667 905 dicunt
689 851 732 901 his
748 851 925 915 nominibus,
948 852 1052 917 Pyuso,
1065 846 1094 919 Sq

119 968 122 973 .
157 924 284 988 Baccho,
305 924 423 988 Cerdie,
447 921 555 988 Nisus]
597 921 764 988 Clarumque
788 918 938 988 Lycaonis
958 919 1094 981 Arctaa;l

160 994 242 1059 dicit,
265 992 284 1043 i.
300 1011 326 1045 e,
349 993 488 1045 maiorem
505 992 742 1059 Septentrionem:
765 1007 833 1041 nem
855 991 952 1041 minor
969 991 1094 1057 Cyneum

158 1072 220 1128 tur,
243 1060 378 1128 Lycaonis
396 1071 505 1125 eutem,
527 1060 655 1123 subaudis
679 1058 780 1123 filiam,
803 1067 835 1110 ut
851 1061 890 1124 (Α.
909 1064 943 1122 6,
959 1060 1031 1120 36.);
1053 1057 1094 1107 Da

89 1142 103 1158 '¹
162 1131 274 1199 Glauci.
308 1130 420 1200 Lycaon
439 1131 516 1199 enim
532 1145 580 1181 rex
593 1128 726 1181 Arcadiae
745 1127 843 1179 habuit
864 1127 954 1179 filiam
971 1128 1083 1191 Celisto,

160 1217 225 1253 cum
243 1198 364 1250 vitiasset
379 1200 518 1270 Iuppiter,
534 1199 603 1250 limo
620 1197 650 1249 in
668 1212 761 1249 ursam
776 1196 925 1249 convertit:
951 1205 981 1249 et
997 1205 1085 1267 postes

161 1278 205 1322 ter
244 1268 391 1320 miseratus
427 1270 457 1320 in
492 1271 602 1336 signnm
638 1265 854 1336 [septentrionis
889 1263 1026 1330 coeleste]
1052 1273 1094 1316 trra

158 1337 287 1459 &laram
312 1352 395 1406 ergo,
418 1344 531 1401 notam,
553 1344 585 1385 ut
608 1338 658 1401 (5,
674 1334 764 1407 49ῤ.);
789 1347 857 1386 tuus
880 1354 903 1401 o,
925 1336 1081 1386 clarissim

183 1407 306 1472 andare,
328 1406 372 1458 vel
413 1406 459 1458 uis
482 1420 539 1458 non
564 1404 609 1457 vel
629 1420 773 1472 nunquam
796 1404 912 1468 occidit,
934 1404 998 1456 ideo
1007 1405 1094 1457 claret

160 1478 226 1546 quie
242 1475 298 1527 illic
315 1475 370 1527 alia
385 1491 402 1525 o
424 1475 530 1526 scurior
548 1481 596 1528 est.
614 1498 646 1510 -
683 1477 743 1529 139.
762 1472 837 1524 Tum
854 1475 968 1541 laqueis
987 1486 1090 1541 captare

162 1557 189 1599 et
212 1545 314 1615 fallere
340 1547 419 1595 visco
441 1544 611 1605 Inventum
635 1544 772 1612 [ceptare,
796 1558 933 1611 occupare
959 1544 1042 1605 velle,
1065 1541 1094 1607 et]

160 1630 254 1669 seusus
277 1620 319 1666 est
339 1612 439 1666 divisus
461 1611 671 1682 interpositione
693 1611 815 1664 alterius.
847 1614 921 1664 Nam
937 1611 1062 1681 Laqueis
1083 1628 1094 1660 s

155 1684 241 1755 jerus
265 1683 302 1735 ad
324 1681 502 1734 venationem
526 1682 660 1751 pertinet,
683 1680 701 1732 i.
726 1700 750 1733 e.
773 1681 927 1750 illaqueare
950 1685 1026 1735 seres
1051 1683 1094 1733 iau

161 1751 323 1807 arboribus:
349 1749 458 1802 Fallere
483 1751 576 1815 vissa,
600 1749 636 1801 ed
658 1750 816 1818 aucupium.
856 1752 929 1804 Item
952 1751 989 1804 ed
1012 1749 1093 1803 veneti

161 1823 335 1889 Et'raagaos
353 1822 475 1871 canibus
491 1820 670 1871 circumdare
687 1821 787 1872 saltus.
823 1819 898 1873 Mele
916 1829 1014 1873 eutem
1031 1821 1063 1871 de
1077 1835 1094 1870 su

123 1890 126 1895 '
161 1891 276 1962 quidem
293 1889 368 1958 [hoc]
386 1897 535 1959 respuunt,
558 1896 650 1938 totum
666 1890 820 1940 relerentes
837 1890 872 1940 ed
895 1890 1080 1943 venationem:

160 1968 238 2025 ciust,
253 1958 362 2010 Fallere
379 1961 456 2011 visco
475 1973 526 2025 pro
544 1956 722 2010 visceratione
739 1957 867 2026 positum.
902 1960 1018 2011 Constet
1034 1958 1094 2011 enin

161 2029 219 2082 rios
236 2028 367 2080 carnibus
384 2027 476 2077 tinctis
493 2042 600 2079 veneno
616 2027 695 2096 lupos
713 2042 828 2088 necere;
843 2023 925 2097 'quod
951 2028 1014 2080 ideo
1031 2044 1082 2080 non

162 2098 226 2163 dit,¹
242 2098 306 2166 quia
325 2096 376 2146 bac
395 2099 520 2160 viscum,
538 2096 625 2146 buius
642 2098 732 2158 visci,
755 2096 836 2160 facit,
859 2098 930 2148 sicut
942 2100 1094 2166 templum:

162 2166 242 2218 Unde
267 2173 308 2216 est
329 2165 378 2227 (et)
400 2163 509 2215 Fallere
530 2168 620 2216 visco.
666 2163 768 2214 Viscus
791 2181 869 2229 vero,
893 2166 910 2215 i.
930 2185 954 2217 e.
979 2184 1092 2233 cero,v

102 2230 111 2257 ¹¹
161 2234 244 2296 fecit,
271 2242 301 2283 ut
322 2250 421 2302 pecus,
443 2236 563 2302 pecoris.
612 2233 648 2285 Et
670 2233 754 2289 side
781 2240 865 2285 cenie
889 2235 1068 2302 loquebatur,
1091 2255 1094 2283 s

163 2303 260 2357 debuit
277 2303 377 2354 dicere.
412 2302 568 2353 Lucretius:
588 2301 746 2352 Permixtas
765 2306 869 2353 viscere
887 2308 1020 2371 sanguis.
1034 2306 1094 2355 ''ltet

164 2376 208 2438 (1,
226 2372 310 2431 Sati:
338 2371 439 2422 Viscus
456 2372 555 2438 gigni,
573 2388 755 2438 sanguenque
773 2373 820 2438 (L.
838 2372 872 2422 R.
889 2374 951 2424 Vos.
969 2375 1094 2441 sanguine

164 2442 265 2493 creari.
300 2440 403 2507 [Primo
428 2439 462 2491 de
485 2441 589 2503 nautis,
614 2451 642 2491 et
665 2442 773 2506 navigio
798 2441 924 2492 invento:
951 2453 1047 2508 postea
1068 2443 1094 2494 de

164 2511 240 2563 tione
265 2508 345 2560 dixit:
369 2525 442 2560 nuuc
467 2509 500 2560 de
525 2510 706 2578 piscatoribus
728 2510 858 2576 loquitur,
902 2511 1010 2564 Cuncta
1034 2513 1094 2563 enin

163 2577 310 2633 necessitas
326 2575 450 2642 invenit]
468 2605 502 2614 -
538 2581 598 2634 141.
615 2578 701 2645 Atque
720 2579 797 2627 alius
816 2580 905 2628 latum
922 2581 1017 2646 fanda
1036 2586 1090 2635 iam

166 2660 226 2711 rat;
255 2647 335 2714 [ordo
358 2655 401 2699 est
421 2645 481 2698 iem
504 2646 571 2697 elius
596 2655 624 2698 et
648 2646 754 2710 liuida]
789 2647 883 2697 Genus
900 2649 963 2714 [est]
981 2652 1047 2703 retis
1063 2652 1094 2701 lis

164 2716 320 2781 fundende,
339 2716 361 2768 i.
385 2734 408 2767 e.
431 2716 592 2778 reticulum,
618 2717 692 2782 quod
716 2716 815 2766 dicitur
837 2713 927 2786 βόλος.
952 2745 988 2757 -
1036 2727 1094 2777 142.

164 2799 274 2856 petens3
298 2785 422 2836 nonnulli
446 2787 504 2836 alta
523 2797 617 2849 petens
635 2784 670 2834 ad
694 2785 779 2836 maris
795 2788 978 2856 piscationem
996 2792 1094 2859 spplici

164 2856 255 2927 primu
273 2871 349 2922 pars:
366 2855 460 2922 funda
480 2856 538 2903 iaus
557 2855 683 2905 verberat
701 2873 825 2918 astinem,
842 2855 966 2909 {luminis
984 2861 1094 2928 piscatio

164 2935 226 2975 tur:
253 2926 316 2974 Alsa
341 2937 433 2989 petens
451 2925 603 2990 pelagoque
629 2925 705 2972 eslius
724 2924 811 2974 tralu't
828 2923 945 2974 hrerairla
972 2930 1050 2995 lina,
1072 2929 1094 2979 ds

166 2991 284 3057 dixerit]
320 2992 421 3043 Trabit
438 2992 553 3059 humida
573 2994 651 3055 lr'aa,·
677 2995 857 3044 everriculum
875 2996 1020 3061 significat.
1053 2999 1094 3067 [Et

166 3070 256 3125 recte,
280 3062 344 3130 quia
361 3063 414 3112 hoc
431 3077 519 3129 genus
536 3061 603 3111 retis
628 3073 740 3127 tragum
767 3061 896 3127 vocetur]
913 3090 947 3101 -
984 3072 1045 3124 143,
1063 3066 1094 3116 Fe

166 3148 235 3197 gor,-
260 3131 374 3180 durities
398 3132 492 3198 Uerri,
516 3130 589 3180 uude
613 3131 797 3198 euses'rigidi
816 3131 921 3183 tierent.
957 3134 1038 3188 Unde
1055 3145 1081 3187 et

166 3199 253 3250 homo
271 3196 390 3262 dicitur]
424 3201 546 3266 Argutae
560 3214 669 3262 serrae;
686 3200 827 3264 stridulae,
843 3217 968 3263 sonorae,
987 3207 1030 3270 [ut
1045 3206 1094 3269 (iul

168 3280 270 3334 arguto
290 3265 414 3332 pectine]
450 3269 486 3317 Et
509 3267 609 3323 dicitur
625 3268 737 3332 Perdix,
760 3271 863 3320 sororis
880 3270 997 3324 Daedali
1021 3275 1088 3325 lilius

167 3335 239 3389 uisse
257 3336 394 3387 circinum
413 3344 440 3385 et
456 3353 576 3389 serram:
593 3336 650 3403 [cui
666 3338 798 3404 magister
815 3339 948 3403 invidens,
964 3344 1039 3409 quod
1058 3360 1094 3392 urs

168 3404 223 3457 hoc
239 3405 334 3456 fuisset
350 3405 490 3469 inventus,
513 3423 549 3456 ue
567 3406 646 3474 plura
668 3407 831 3458 inveniendo
855 3409 967 3460 leudem
987 3413 1014 3464 ei
1030 3412 1093 3463 iniri

170 3473 245 3541 apud
261 3473 379 3524 Athenas
400 3490 432 3523 ex
450 3491 514 3526 arce
531 3475 673 3527 Minervae
698 3491 763 3526 eum
788 3478 986 3546 praecipitarit.
1022 3482 1094 3531 Lanu

168 3551 228 3595 tcm
243 3559 351 3605 serrae,
375 3541 505 3594 delinitio.
522 3571 556 3581 -—
593 3549 653 3600 144.
670 3544 840 3595 Seiadelaat
857 3547 954 3615 fissile
979 3550 1088 3616 lignum

169 3611 236 3662 liudi
254 3619 355 3679 potest,
379 3618 427 3661 aut
448 3612 597 3663 scindendo
621 3613 701 3664 fissile
724 3614 877 3681 locicbaut,
902 3625 950 3667 eut
973 3618 1014 3670 ibi
1036 3620 1094 3670 scin

169 3679 218 3731 ubi
235 3679 315 3731 fissile
333 3688 400 3732 eret.
417 3704 451 3718 -
487 3685 547 3738 145.
567 3681 639 3731 Tura
658 3686 755 3736 variae
773 3703 870 3736 uenere
888 3698 977 3751 artes3
995 3704 1029 3740 eu
1043 3705 1094 3740 uec

197 3845 248 3898 143)
277 3850 303 3887 G.
317 3849 392 3887 Perdix
407 3847 516 3897 discipulus
531 3850 616 3887 Dacdsli
631 3864 696 3889 seme
710 3863 768 3889 susim
782 3853 858 3901 primus
872 3854 956 3902 invenit,
969 3856 1003 3897 eui
1015 3865 1054 3897 etc.
1079 3857 1093 3895 P

255 3908 348 3955 eipilasu't
368 3905 461 3961 reciditur:
490 3907 537 3945 uie*
550 3913 580 3944 cst
598 3907 670 3944 sarcuil
691 3908 733 3945 cius
751 3909 815 3953 filius,
837 3913 870 3950 vel
890 3920 972 3962 propter
987 3928 1045 3965 quen
1059 3912 1094 3952 Mis

253 3964 312 4011 Min.)
331 3962 387 4012 l'ugil.
408 3963 526 4001 attiners«
547 3977 604 4001 erem
625 3965 728 4002 Pudicvm
749 3975 847 4004 denotatus
869 3967 903 4017 (iu
923 3983 955 4009 u·
969 3972 992 4011 P.
1012 3979 1094 4012 luunt

250 4021 296 4071 quie
311 4019 453 4071 praecipitetur
468 4027 531 4067 essct,
543 4019 566 4058 irs
581 4021 643 4059 stum
658 4034 697 4059 uou
712 4028 781 4072 potest
794 4026 869 4063 volero.
