2288 4514
104 280 188 346 110,
381 271 522 339 seuvu
546 236 905 339 couuuumu'm's
941 286 948 301 ·
985 345 988 353 ,
1048 306 1050 311 -

121 458 227 514 amoris
250 460 414 513 necessitate
437 429 619 531 compulsum¹
655 459 698 514 Ne
722 463 817 526 crede,
842 475 901 513 non
922 444 1029 514 confide

122 531 202 583 etius:
229 529 336 582 Virtuti
359 533 432 581 satis
456 532 620 597 credebam,
641 529 660 584 i.
683 549 709 585 e.
733 530 919 584 confidebant.
942 558 977 570 -
1020 530 1050 585 lh·

36 636 43 646 =
121 602 248 667 ligustra
268 601 390 665 cadunt,
414 608 443 653 et
459 604 561 652 rustice
578 608 607 653 et
624 599 762 653 amatorie
778 615 814 652 ex
836 599 954 651 floribus
969 598 1050 651 facito

122 671 272 722 rationem
312 669 475 736 Ligustrum
500 678 595 722 autem
623 669 677 721 flor
698 677 739 722 est
761 667 895 720 candidus?
902 705 911 733 ,
937 668 985 721 sed
1008 664 1050 716 viti

122 739 254 791 vaccinia
271 753 335 790 vero
353 746 422 789 sunt.
434 739 533 804 violae,
557 753 624 807 quas
642 740 776 809 purpurei
793 737 894 788 coloris
910 753 968 791 esse
984 735 1050 788 mani

122 815 178 870 est,
202 809 255 877 [vel
278 808 394 876 ligustra
417 807 501 860 sso'res
524 823 693 879 papaverum
717 816 798 872 sunt,
820 805 864 857 vel
879 803 1050 870 arborum]·

124 875 222 943 Quom
246 880 325 929 dives
349 883 417 936 etc.;
440 877 494 929 tria
519 885 596 941 sunt,
621 876 721 945 quibus
746 876 884 928 antator'es
907 873 1050 946 possuntp

112 946 244 1014 ¹Divitiis,
267 944 493 1011 Pulchritudine,
516 945 679 1010 Cantilena,
702 960 775 1013 quae
800 944 895 1010 omnia
918 942 1049 996 sehabet

121 1023 271 1079 memorat.
304 1015 342 1066 Et
364 1014 446 1065 multi
465 1015 617 1067 secundum
634 1015 804 1078 Homerum,
824 1013 874 1081 qai
898 1012 939 1064 ait
953 1018 1000 1065 aaut
1016 1005 1050 1080 yio

120 1080 185 1146 κόν,
203 1085 301 1151 legunt
317 1085 396 1135 nivei
411 1101 496 1150 quam
515 1086 607 1135 lactis.
643 1082 697 1135 Sed
713 1082 813 1135 melius
830 1090 883 1133 est:
908 1080 1003 1148 Quam
1021 1083 1049 1133 di

122 1157 200 1208 coris
219 1154 304 1204 nivei.
338 1153 412 1204 Nam
438 1154 572 1206 candidae
596 1168 658 1205 oves
681 1152 711 1204 io
734 1151 841 1220 ingenti
865 1158 930 1202 ssent
952 1152 1049 1222 pretio.

120 1225 152 1276 in
171 1221 317 1289 Georgicis
338 1222 457 1291 legimus
481 1226 524 1290 (3,
542 1221 628 1283 assi:
655 1221 852 1287 Continuoque
877 1219 977 1288 greges
1001 1219 1050 1271 vill

123 1293 260 1345 mollibus
277 1291 366 1343 albos.
400 1292 470 1343 Item
488 1291 554 1343 alibi
571 1290 622 1360 (G.
640 1297 673 1354 3,
691 1289 776 1350 39l·)1
801 1287 920 1340 Mlmm
946 1293 989 1340 δίο
1016 1291 1050 1340 πίῑ

123 1381 192 1426 nae,
214 1363 245 1411 'si
263 1360 372 1412 credere
390 1362 509 1429 dignum
527 1372 575 1412 est.
594 1386 628 1396 —
661 1367 707 1417 21.
725 1356 808 1410 Mille
834 1375 910 1409 »neae
935 1357 1043 1411 Siculis

123 1436 155 1484 in
181 1431 324 1481 montibus
348 1447 457 1497 agnae,
481 1430 663 1494 Theocritus,
688 1422 746 1479 itt*
768 1418 846 1480 οὗτος
869 1423 994 1481 camiros
1018 1421 1050 1482 εὐ]

121 1499 194 1566 χίλια
211 1495 311 1569 βόσκω.
346 1497 453 1551 Errant
469 1507 578 1565 cirtem,
594 1513 660 1548 oum
677 1498 826 1550 securitate
842 1506 1004 1568 pascuntur.
1037 1498 1050 1548 Ι

122 1573 162 1624 ait
181 1587 281 1637 agnos,
298 1574 328 1620 et
343 1583 361 1620 a
377 1582 442 1621 seru
459 1577 488 1620 et
504 1568 540 1620 ab
558 1574 649 1620 aetate
664 1565 800 1618 laudarit:
815 1567 895 1634 [nam
912 1582 946 1619 ex
960 1565 1049 1618 femin

121 1640 151 1693 in
189 1638 316 1690 ecoribus
332 1638 470 1707 copiosior
486 1638 628 1705 possessio,
637 1633 783 1704 provenit]
799 1663 834 1672 -
868 1643 914 1693 23.
931 1633 994 1686 Lao
1013 1637 1050 1687 mi

48 1763 56 1781 s
120 1659 210 1763 multo
229 1707 329 1760 melius
346 1723 429 1775 qnam
448 1707 627 1768 Theocritus,
645 1705 692 1756 ille
710 1705 786 1755 enim
803 1704 855 1758 ait:
883 1701 969 1774 lupis
988 1699 1017 1757 δ)
1030 1724 1050 1756 oi

121 1773 151 1848 μ’
163 1772 265 1831 aiduh
273 1777 361 1844 θέρει,
375 1769 432 1828 oiie’
446 1773 476 1828 ἐν
489 1770 594 1846 ὅπώρῃ,
609 1766 647 1834 oi,
655 1769 786 1842 χειμῶνος
798 1768 880 1842 ἄκρῳ.
899 1774 953 1827 Sed
966 1775 1050 1843 [qiua]

121 1848 226 1902 servari
243 1853 341 1915 potest,
359 1845 407 1912 (et)
424 1861 479 1898 non
498 1847 603 1897 mirum
621 1851 670 1909 est,
687 1845 711 1895 si
727 1844 822 1912 quovis
838 1852 967 1914 ternpore
984 1844 1047 1912 quis

121 1933 242 1970 caseum.
278 1917 337 1968 Hoc
354 1929 419 1966 vero
436 1914 575 1968 laudabile
593 1920 649 1978 est,
671 1912 696 1964 si
712 1914 772 1982 quis
790 1913 894 1965 habeat
909 1914 953 1965 lac
969 1928 1050 1965 novur

124 1989 294 2048 colostrum,
317 1983 391 2052 quod
409 1985 502 2036 neutri
520 1981 629 2053 generis
647 1989 715 2036 estu
727 1997 795 2034 nam
819 1981 949 2035 feminini
972 1998 1034 2035 esse

28 2058 32 2067 “
63 2104 71 2117 ,
122 2073 179 2109 non
204 2060 303 2125 potest
338 2051 409 2104 Sane
432 2053 507 2104 huuc
530 2067 640 2102 versum
665 2050 739 2103 male
763 2050 934 2118 distinguens
951 2051 1050 2119 Virgili

120 2126 272 2194 vituperat:
296 2119 356 2170 Lao
375 2121 446 2172 mihi
464 2140 522 2174 aon
541 2131 645 2171 aestate
663 2137 784 2185 novum,
809 2137 867 2172 non
890 2119 1023 2188 frigore:
1046 2143 1050 2170 t

123 2213 162 2257 e.,
185 2208 298 2260 semper
322 2189 392 2241 mihi
418 2191 502 2244 deest.
526 2217 560 2227 -
602 2193 646 2246 24.
671 2189 814 2258 Amphion
837 2188 981 2240 Dircaeus
1008 2192 1041 2240 in

21 2286 25 2295 ¹
122 2261 300 2330 Aracyntho,
318 2258 457 2328 Amphion
475 2268 503 2314 et
517 2259 597 2310 Zetus
615 2260 717 2311 fratres
733 2260 847 2311 fuerunt
864 2275 896 2310 ex
909 2259 972 2311 Iove
991 2261 1050 2312 etl

122 2331 172 2384 sed
197 2332 279 2383 Zetus
301 2329 420 2379 rusticus
444 2329 511 2382 fuit:
543 2327 683 2396 Amphion
714 2342 778 2380 vero
809 2327 932 2379 musicas
959 2327 1031 2380 artis

123 2399 194 2452 Sane
220 2397 390 2465 Aracynthus
414 2415 496 2451 mons
520 2406 562 2450 est
578 2397 736 2449 Thebanus.
771 2396 849 2447 Unde
872 2409 968 2448 actaeo
994 2397 1050 2449 lita

123 2470 222 2521 hernus
247 2468 389 2537 accipere,
415 2477 446 2519 ut
469 2470 516 2530 (A.
539 2472 571 2533 5,
593 2460 688 2527 6133:
716 2467 752 2515 At
776 2467 876 2532 procul
901 2467 933 2516 in
959 2467 1023 2517 sola
1048 2503 1050 2514 .

125 2539 250 2591 Troades
269 2550 347 2602 acto,
370 2554 426 2589 nou
444 2537 618 2588 Atheniensi:
643 2535 708 2589 licet
723 2535 847 2587 Athenae
872 2535 965 2604 primo
983 2529 1050 2587 oinct

123 2609 185 2659 sint.
221 2608 388 2676 Quanquam
410 2606 535 2678 plerique
559 2605 659 2657 Actaeo
685 2603 860 2671 Aracyntho,
883 2604 1045 2656 Atheniensi

124 2685 186 2730 ant.
211 2691 267 2728 non
292 2672 366 2745 quod
384 2675 556 2743 Aracynthus
579 2676 653 2746 apud
670 2675 788 2727 Athenas
807 2681 862 2738 est,
887 2674 935 2724 sod
959 2681 991 2723 ut
1008 2681 1050 2723 ost

124 2746 219 2798 rustici
242 2745 393 2813 imperitia.
427 2745 501 2796 Nam
526 2744 577 2812 (et)
602 2744 768 2796 Theocritus
792 2742 827 2794 ad
851 2741 1050 2811 exprimendam

123 2833 184 2867 cam
210 2815 429 2883 simplicitatem,
454 2813 663 2879 multaaliter,
688 2829 773 2880 quam
797 2828 842 2862 res
867 2811 966 2875 habet,
990 2811 1050 2862 dici

105 2884 231 2937 uratione
251 2892 341 2952 potest
365 2891 394 2935 et
411 2882 507 2948 (laxis,
531 2884 632 2936 Cretae
656 2883 771 2946 fluvius,
795 2879 899 2947 accipi:
922 2896 988 2931 cum
1013 2882 1050 2948 [et

122 2955 172 3017 sit,
191 2961 221 3003 ut
237 2953 369 3016 diximus,
386 2951 520 3019 Scythiae.
537 2981 572 2989 -
607 2957 650 3010 25.
669 2949 729 3001 Nec
748 2967 811 3000 sum
831 2951 899 3000 odeo
919 2949 1050 3019 informia

125 3022 214 3074 eunde
231 3039 310 3073 suam
327 3030 534 3073 commemorat
549 3020 796 3090 pulchritudinem.
831 3017 874 3069 Sic
892 3019 992 3070 Cicero
1012 3019 1043 3070 in

123 3110 172 3144 uo:
193 3090 228 3140 Ut
246 3109 307 3141 eum
325 3093 465 3156 poeniteat
484 3108 540 3141 non
560 3091 712 3159 deformem
732 3107 790 3140 esse
809 3101 916 3155 natum.
950 3087 1050 3158 Nam]

124 3161 230 3212 timum
248 3160 332 3209 voluit
348 3161 449 3212 dicere.
485 3160 520 3209 ln
539 3161 621 3211 litore
639 3160 717 3224 vidi,
742 3158 811 3208 Cum
830 3158 976 3224 placidum
996 3170 1050 3207 star

124 3232 160 3280 tis
190 3247 280 3292 mare,
312 3238 432 3296 nogatur
463 3230 517 3280 hoc
546 3247 596 3299 per
627 3245 726 3281 rerum
749 3236 879 3279 naturam
906 3241 986 3295 posse
1012 3225 1050 3277 iio

121 3296 305 3349 Theocritum
323 3307 430 3349 secutus
449 3307 503 3358 est,
522 3298 568 3366 qui
587 3298 641 3348 hoc
659 3297 727 3348 dicit
744 3296 778 3348 de
792 3297 926 3366 Cyclope:
941 3289 962 3360 ’l
979 3292 1033 3365 γάρ

121 3363 223 3420 πόντον
240 3363 396 3435 ἑσέβλεπον,
422 3354 456 3432 ἤν
474 3364 502 3420 tt
521 3363 633 3438 polian.
670 3365 724 3419 Sed
741 3366 796 3418 illic
815 3373 856 3416 est
874 3365 1026 3430 excusatio,
1044 3381 1050 3407 x

121 3438 264 3504 ingentem
296 3436 382 3488 habet
412 3439 524 3487 oculum
549 3438 679 3507 Cyclops:
710 3435 752 3488 vel
780 3434 845 3504 quia
874 3433 946 3485 filius
970 3434 1050 3502 Neph

120 3507 215 3571 tiuie,
245 3505 313 3574 quia
336 3506 375 3556 ait
398 3508 430 3556 in
457 3508 552 3569 litore,
584 3506 678 3558 volunt
704 3505 819 3574 quidam
845 3503 875 3553 in
898 3519 973 3570 aqua
996 3521 1013 3555 a
1039 3503 1050 3554 i

123 3576 277 3638 derelicta,
308 3575 325 3624 i.
353 3593 399 3638 e.,
430 3575 460 3628 in
491 3576 589 3627 lacuna
623 3574 711 3626 litoris
748 3591 777 3626 se
808 3590 872 3625 eum
906 3573 1000 3624 uslere
1041 3590 1050 3642 1

123 3647 212 3711 Quum
237 3661 300 3695 rem
324 3642 390 3693 illud
417 3644 549 3695 excludit:
581 3643 650 3693 Cum
676 3645 821 3709 placidum
850 3645 941 3693 ventis
969 3653 1050 3691 stare:

124 3715 177 3764 hod
203 3712 267 3764 ideo
297 3711 328 3761 in
351 3713 426 3764 mari
453 3713 548 3780 imago
572 3729 628 3764 non
653 3715 791 3764 cernitur:
823 3712 888 3778 quia
918 3725 976 3762 non
998 3717 1050 3762 stat

122 3785 234 3845 sistet,
265 3797 321 3832 non
354 3790 444 3847 potest
469 3783 553 3833 etiam
585 3782 664 3834 nobis
698 3784 780 3848 (Voss
816 3780 892 3842 nou)
923 3780 1049 3845 imagine

107 3852 197 3907 ,dere
269 3849 305 3899 Ni
332 3850 485 3917 intelligas,
516 3852 546 3900 in
573 3853 669 3916 litore,
699 3849 772 3902 intro
795 3858 924 3921 portum:
948 3856 979 3898 ut
1002 3849 1050 3918 ipa

43 3936 50 3942 “
124 3929 157 3980 3,
183 3925 242 3978 570.
291 3917 325 3969 de
355 3927 437 3988 portu
468 3920 636 3987 Cyclopum:
675 3919 776 3970 Portus
809 3921 843 3970 ob
876 3935 989 3969 accessu
1023 3938 1050 3969 vo

123 3985 284 4052 humatus]
312 4013 346 4023 -
399 3993 442 4045 26.
476 3986 543 4040 Non
574 4006 623 4056 ego
657 3987 798 4054 Daphnin
832 3990 927 4038 iudice
966 4000 990 4038 te
1031 4007 1050 4039 a

123 4057 249 4129 Daphnis
265 4055 319 4108 tuit
335 4053 405 4108 filisu
422 4057 573 4123 Mercurii,
597 4059 812 4111 formosissimus
830 4074 917 4132 puer,
942 4057 990 4126 qui
1009 4058 1050 4127 pri

240 4194 314 4232 A
