2288 4514
30 722 34 735 .
111 693 172 729 rnns
190 673 235 724 bic
251 673 392 734 intercus,
419 671 506 724 huius

113 286 177 351 192
371 277 511 343 snuvn
532 276 892 345 COMMENTARIUS

111 467 225 522 morbus
239 467 373 519 incessere
441 471 565 516 autumn
640 472 711 529 istm,
780 481 814 516 us
848 482 931 518 acen
949 466 1036 518 nimio

379 502 387 532 ,
410 464 440 515 Pl
537 464 649 535 'ndu'
732 464 777 531 Op
825 464 850 535 f

78 594 81 599 ,
112 538 232 592 dormire
256 537 380 601 mavolo,
413 534 560 585 Veternum
587 534 704 599 metum]
759 534 899 586 Veternus
922 542 1039 589 antemi

109 607 223 661 morbus
238 604 358 667 intercus
373 602 392 654 i.
408 621 432 655 e.
449 594 561 721 ὅδρὼῗ,
585 603 633 671 qni
648 602 773 685 immines
790 603 876 655 efficit
892 603 999 673 pigros,
1015 604 1039 671 [e

109 758 228 815 regnum
250 740 325 792 Iovis.
359 740 442 791 Nulli
449 758 457 802 3
482 683 741 811 „ugizrss‘gs'na
764 672 924 808 dgdifigait:
939 672 1039 793 'iiiiii

108 816 216 881 Hecyra
231 814 282 877 (Γ,
298 818 331 876 2,
345 810 395 872 4.):
419 810 450 860 Si
468 826 525 860 non
541 811 666 877 quaerit,
683 810 780 861 nullus
799 810 923 872 diteris:
947 810 1002 861 uti

111 884 157 954 (G.
173 886 207 946 4,
223 877 309 941 516.):
331 878 421 930 Nulla
444 877 536 929 Venus
552 895 617 933 ,non
642 878 697 929 ulli
714 879 840 929 animum
858 878 976 947 flexere.
1002 826 1039 929 if:

110 954 150 1019 (Ε,
165 956 199 1014 6,
214 946 265 1008 6.)ε
289 946 324 997 Et
341 949 383 998 nil
401 964 461 997 mea
479 948 607 998 carmina
625 962 725 1012 curas,
746 962 798 1016 pro
817 964 875 997 non
893 962 985 997 curas.
1015 944 1039 995 s·

110 1022 192 1081 ianm
218 1015 381 1081 domabant,
404 1016 562 1080 mollibat,
586 1031 618 1065 ac
635 1032 684 1085 per
701 1014 754 1067 hoc
771 1028 820 1065 suo
835 1014 932 1067 labore
949 1014 1039 1067 colebn

111 1094 170 1147 126.
187 1083 306 1147 Limite,
330 1084 466 1150 termino,
489 1091 519 1134 ut
535 1088 595 1151 (12,
612 1085 697 1146 898.);
722 1082 817 1134 Limes
835 1101 907 1151 agro
923 1085 1034 1151 positus.

50 1200 53 1205 .
110 1162 223 1224 signare
241 1154 367 1218 quidem
384 1153 508 1219 signore,
524 1160 635 1217 notare,
651 1167 701 1221 pro
721 1160 796 1205 terea
812 1152 887 1219 quod
902 1168 968 1203 cum
983 1150 1037 1231 egri

107 1228 151 1279 rtis
173 1221 381 1287 dividerentur„
401 1224 473 1273 iossa
504 1220 657 1295 ducebatur
682 1168 721 1272 ai
744 1220 859 1273 Oriente
888 1221 924 1273 ad
947 1218 1039 1271 Occide

109 1304 179 1363 qiiae
197 1290 280 1340 cardo
299 1290 523 1355 nuncupabatur,
545 1297 574 1341 et
590 1290 643 1343 alin
659 1288 694 1341 de
711 1287 903 1358 Septentrione
926 1288 962 1340 ad
977 1286 1039 1339 Meri

108 1362 156 1431 qni
180 1361 344 1411 decimanus
366 1359 447 1409 limes
470 1357 632 1410 vocabaturt
657 1364 685 1410 et
706 1359 755 1409 alii
776 1358 900 1411 minores
917 1365 997 1411 erent
1012 1356 1038 1407 in

9 1482 13 1491 ,
109 1446 194 1499 quum
218 1426 341 1507 discreti,
365 1427 412 1495 qni
437 1428 558 1478 lineares
582 1426 805 1498 appellabantur,
827 1433 856 1479 et
869 1440 955 1495 ,agros
971 1438 1039 1493 part

107 1500 162 1552 rias
178 1498 233 1548 sive
249 1512 299 1564 per
315 1510 410 1564 iugera
424 1495 520 1547 divisos
536 1496 709 1549 coiircebant.
721 1523 755 1543 -τ
789 1500 850 1550 127.
867 1495 934 1561 Ipsa
949 1494 1038 1556 telius,

108 1568 196 1631 ultro,
209 1571 306 1633 sponte
322 1579 386 1630 sue,
402 1572 433 1613 ut
449 1564 495 1629 (E.
514 1567 546 1628 4,
563 1563 630 1626 21.):
654 1564 734 1643 Ipsae
751 1565 820 1615 lacte
838 1564 960 1615 domum.
992 1562 1039 1612 Ant

109 1638 177 1700 tiri,·
201 1630 320 1685 dividere
344 1641 372 1684 et
388 1632 539 1699 designare.
574 1631 646 1696 Fas,·
663 1648 681 1683 ι.
699 1649 739 1704 a,
761 1629 823 1697 len]
856 1632 893 1681 In
910 1632 1038 1695 medium

106 1704 137 1758 ln
160 1717 321 1765 commune,
343 1701 379 1769 [i.
397 1720 420 1754 e.
427 1737 435 1765 ,
456 1701 487 1751 in
509 1699 664 1769 publicum,
687 1708 719 1750 ut
740 1700 798 1771 ipse
816 1700 890 1757 ¹alibi
913 1704 959 1769 (Α.
975 1706 1039 1765 11,;

105 1770 238 1825 consulite
251 1764 289 1820 ¹in
319 1767 467 1833 medium]
489 1794 544 1825 -,
573 1774 634 1826 128.
660 1768 766 1819 Omnia
790 1768 925 1835 tiberin„
957 1768 1018 1837 qnia

108 1841 175 1911 (99)
193 1840 244 1892 ait:
270 1838 356 1904 Atque
381 1842 498 1904 imperat
520 1839 605 1887 aruis.
638 1837 703 1905 [Alii
726 1838 844 1891 liberius
861 1832 913 1904 pr'o
929 1834 1039 1891 libentii

91 1910 226 1979 ¹cipiunt,
249 1906 333 1968 bene;
356 1914 422 1958 tnnc
445 1906 520 1957 enim
543 1905 631 1957 libere
653 1914 752 1957 onusta
773 1912 870 1975 sponte
893 1906 1030 1959 ferebant:

107 1988 202 2031 autem
225 1976 379 2043 imperante
405 1974 460 2027 alio
483 1990 534 2043 per
555 1973 681 2026 laborem
705 1975 827 2026 cultruae
850 1974 978 2027 serviunt.
994 1998 1026 2013 -

108 2049 175 2109 llle;
200 2045 323 2113 Iuppiter
339 2042 455 2106 scilicet,
479 2043 592 2111 adeptus
609 2040 779 2109 imper-ium]
811 2042 923 2093 Malum
940 2045 1031 2107 uirum

106 2115 142 2167 nd
158 2113 350 2165 discretionem
368 2112 507 2181 epitheton
527 2110 631 2163 addidit
648 2113 760 2163 rnalum.
794 2112 868 2163 Num
884 2114 963 2163 virus
980 2110 1038 2165 cib

106 2192 135 2236 et
157 2183 263 2233 malum
281 2186 333 2244 est,
355 2180 425 2229 sient
447 2195 598 2231 venenum:
620 2196 685 2231 nam
709 2181 784 2231 idem
809 2186 856 2231 est.
890 2180 977 2239 Venit
996 2185 1038 2231 eut

105 2253 231 2302 Graeco:
254 2263 319 2299 nam
336 2254 364 2298 et
386 2247 426 2298 illi
443 2243 585 2315 φάρμακον
608 2249 730 2300 medium
753 2248 870 2312 habent,
893 2248 912 2299 i.
929 2267 953 2301 e.
976 2248 1039 2299 bom

106 2320 219 2371 malurn.
253 2316 323 2367 Sane
345 2316 443 2381 Virus,
459 2318 542 2368 hodie
559 2326 614 2369 tres
631 2325 740 2369 tuntum
757 2316 842 2368 habet
857 2333 949 2368 casus:
973 2317 1039 2368 lios¹

106 2388 157 2439 linc
182 2389 277 2447 virus,
301 2403 315 2435 o
340 2387 428 2435 virus.
469 2385 595 2453 Antiqui,
622 2385 708 2435 huius
732 2388 790 2436 viri
812 2384 948 2437 dicebant.
988 2384 1039 2435 Luc

106 2462 143 2525 (2,
157 2456 244 2516 475.):
263 2453 340 2503 Tetri
356 2454 513 2519 primordia
531 2458 596 2505 viri.
630 2455 844 2522 [Nonnunquam
862 2469 914 2521 pro
931 2450 1039 2505 foetore

106 2533 151 2576 tur
168 2526 263 2588 virus,
287 2528 317 2571 ut
341 2521 414 2592 apud
430 2521 582 2574 Lucilium:
608 2525 725 2573 Anseris
749 2523 865 2573 herbilis
892 2525 981 2573 virus.
1015 2522 1039 2570 A«

106 2599 154 2645 aut
178 2590 312 2654 abundat,
334 2599 383 2641 aut
399 2589 515 2656 addidit,
539 2592 603 2659 quia
626 2591 766 2643 habebant
789 2599 853 2643 unte
877 2590 1003 2643 nonnihil
1023 2606 1039 2639 u

106 2663 197 2727 Atris,
221 2661 302 2710 modo
320 2659 421 2724 noxiis,
444 2658 461 2708 i.
480 2677 504 2710 e.
520 2662 556 2710 ad
573 2661 699 2712 tenebras
716 2669 744 2712 et
761 2668 881 2711 mortem
898 2658 1039 2711 mittentibl

107 2737 166 2788 130.
186 2729 371 2794 Praedamque
389 2729 470 2795 inpos
489 2729 591 2794 iussin
609 2736 704 2778 utrum
721 2736 752 2791 ut
768 2729 818 2799 ipsi
837 2730 952 2797 praedas
969 2728 1039 2779 iacis:

105 2807 136 2849 ut
159 2800 211 2867 ipsi
233 2796 395 2865 capiuntur?
430 2796 600 2864 Pontumque
625 2799 745 2859 moveri3
770 2800 855 2849 ventis
872 2798 982 2848 scilicet.
1015 2796 1039 2846 C:

105 2867 185 2918 Mare
210 2880 335 2919 movetur
358 2868 463 2930 ventis,
488 2883 521 2915 ne
542 2878 725 2932 putescat-
764 2872 824 2923 131.
842 2864 983 2933 Mellaque
1007 2865 1039 2914 dn

105 2935 203 3002 foliis;
227 2937 292 3005 quia
309 2941 349 2986 est
367 2934 474 3002 opinio,
497 2934 606 2986 fluxisse
624 2934 767 2986 arboribus
784 2933 886 3000 mella]
921 2936 1039 3002 lgnemqi

107 3007 207 3067 movit,·
226 3021 282 3055 non
301 3002 429 3071 [penitus]
446 3003 566 3068 sustulit,
583 3005 651 3071 [non
668 3002 802 3068 extinxitl,
827 3005 874 3055 sed
891 3001 1017 3054 occiduit.

105 3080 145 3124 eet
162 3076 199 3137 (Α.
217 3079 243 3136 6,
259 3072 310 3134 7.):
328 3072 447 3139 Quaerit
463 3089 530 3136 pars
549 3074 655 3121 semina
668 3073 819 3139 flammae,
836 3073 983 3138 Abstrusa,
999 3076 1028 3122 in

105 3143 206 3191 silicis.
225 3172 257 3181 -
292 3148 354 3197 132.
378 3139 514 3207 [Passim3
540 3140 723 3202 abundantem
744 3142 853 3209 ubique.
888 3142 987 3199 Rivis;
1007 3139 1039 3189 flu

104 3209 163 3259 bns.
180 3232 213 3246 -
250 3214 309 3267 133.
328 3208 364 3258 Ut
381 3212 477 3259 varios
496 3225 581 3271 usus3
599 3225 660 3259 usus
677 3205 696 3274 ἤ
712 3212 809 3277 πεῖρα,
834 3218 865 3260 nt
880 3226 946 3262 cum
965 3225 981 3259 o
1002 3224 1029 3257 us

105 3285 189 3343 esset,
211 3278 428 3343 excogitarentur
453 3285 540 3342 artes,
563 3272 613 3345 pe‘r
638 3295 703 3346 quas
727 3279 923 3332 invenirentur.
963 3228 1037 3329 relidi

104 3342 140 3398 ab
157 3352 256 3415 ugente
272 3352 325 3410 est,
348 3346 366 3397 i.
384 3364 406 3397 e.
423 3345 491 3396 dum
508 3344 675 3411 meditatum]
708 3348 893 3411 Extnndere23
916 3348 1031 3399 studiose

104 3415 173 3465 riret
189 3422 217 3465 et
233 3412 343 3464 coleret.
355 3441 388 3453 -
424 3420 484 3471 134.
502 3415 670 3481 [Paulatim
689 3416 827 3487 epitheton
845 3417 948 3467 artium
964 3411 1023 3478 est]

104 3484 190 3533 menti
208 3482 334 3545 herbam
358 3483 524 3553 periphrasis
546 3485 657 3553 segetis,
680 3486 721 3553 [ut
738 3484 780 3550 (E.
799 3490 830 3549 5,
847 3484 915 3545 ml:
939 3482 998 3536 Nec
1018 3498 1039 3549 μ

105 3556 152 3602 nii
174 3552 271 3617 attigit
295 3549 415 3601 herbam.
462 3550 628 3617 Quaeram,-
653 3553 670 3604 i.
696 3571 718 3605 e.
742 3552 800 3619 ipse
824 3568 900 3616 usus,
924 3560 953 3604 et
975 3567 1039 3620 quee

104 3620 181 3689 qnasi
198 3620 287 3671 adhuc
305 3620 377 3686 quod
394 3635 450 3670 non
468 3630 551 3686 esset,
572 3622 590 3673 i.
609 3641 632 3673 e.
649 3621 725 3690 quasi
743 3621 814 3671 intus
831 3623 860 3672 in
879 3620 958 3670 sulcis
975 3634 1038 3688 quae

104 3716 138 3729 -
174 3696 233 3748 135.
253 3687 289 3738 Ut
306 3689 399 3738 silicis
417 3692 512 3758 venis,
537 3690 648 3762 proprie
665 3690 784 3754 dictum,
801 3689 998 3759 Quadrigarius
1013 3700 1039 3754 qt

132 3882 180 3933 126)
211 3883 235 3920 G.
249 3884 303 3921 lntor
322 3882 405 3920 limium
427 3888 446 3920 ct
460 3880 564 3919 torminum
579 3881 616 3917 lioo
631 3880 718 3917 intr-rest.
755 3881 825 3917 Limes
837 3887 963 3917 curiscurntus
978 3886 1039 3927 ειμι

186 3940 278 3991 «pomino
292 3938 303 3960 ”
318 3940 396 3977 'l'nrnus
412 3952 456 3976 curu
470 3938 577 3976 commovit
591 3938 616 3975 ait
629 3945 695 3974 autom
709 3938 805 3974 ternninui
819 3936 876 3974 limes
891 3950 985 3987 agrorum.

130 4030 179 4080 1¹29)
208 4032 233 4068 0.
246 4031 299 4070 idem
313 4036 344 4069 est
357 4028 395 4067 sut
407 4030 492 4069 &turno
506 4029 561 4070 tuno
576 4036 689 4080 impensos,
703 4029 739 4067 sed
753 4028 795 4067 sisic
809 4040 893 4067 veneno.
