2288 4514
106 289 169 357 tot
337 254 883 371 'suauioouuauruams

104 470 206 536 ooliab,
230 469 314 522 ambo
331 468 448 539 Apollini
475 475 504 519 et
520 466 607 518 Musis
631 462 847 516 consecrati.,-
890 466 938 521 1⁴2.
963 461 1050 512 Aonia

109 542 207 609 nipps3
238 538 398 591 nominativi
428 545 491 588 sunt
520 536 680 602 singulares.
723 530 868 600 Aganippe
899 536 996 581 autem
1023 531 1059 581 ior

108 608 252 674 Boeotiae,
282 624 353 676 quae
374 610 407 657 'et
427 606 513 655 Aonia
538 604 644 654 dicitur.
688 601 774 651 Aonia
797 608 897 651 autem
923 598 1012 649 brevis
1031 597 1059 648 fit

109 679 173 747 quia
198 676 321 743 sequitur
337 674 437 725 vocalis
460 674 589 724 vocalem.
611 666 822 738 ¹[Callimachus
839 667 1018 735 Aganippem
1038 667 1059 717 io

109 762 168 799 esse
190 746 256 796 dicit
280 742 417 809 Permessi
439 738 587 803 fluminis]
613 765 646 777 -
689 744 731 794 14.
757 736 821 787 Sola
848 738 901 786 sub
930 750 1000 803 rape
1024 735 1059 784 du

108 814 253 869 Maenalus
271 819 364 863 autom
382 817 410 862 et
426 809 547 876 Lycaeus
565 814 673 858 montes
690 812 754 856 sunt
768 803 912 856 Arcadiae.
931 830 968 841 -
1009 808 1048 861 15.

109 897 135 935 et
162 900 225 934 oves
251 883 373 942 circum,·
397 877 500 929 scilicet
522 878 597 930 circa
621 874 746 938 Gallum,
769 872 827 924 eius
852 875 986 924 amorem
1002 879 1059 939 stup

109 953 208 1004 Sensus
225 956 319 1000 autem
337 954 389 998 est:
406 944 481 995 Sicut
499 962 567 1009 oves,
585 942 624 1010 [o]
641 942 734 1008 Galle,
749 940 856 991 circum
871 949 901 993 te
919 948 996 991 stare
1010 956 1059 991 nou

110 1021 194 1083 nitet,
211 1017 249 1068 ita
267 1032 319 1067 neo
336 1022 363 1066 te
380 1015 491 1065 illarum
507 1014 656 1084 poeniteat.
689 1011 762 1061 Nam'
780 1008 866 1060 etiam
883 1008 989 1060 Adonis
1005 1023 1059 1076 quoi

35 1118 38 1125 ι
111 1088 202 1138 ovium
221 1084 323 1137 exstitit
338 1091 437 1153 pastor.
473 1085 508 1133 Et
525 1082 598 1150 quod
622 1081 660 1131 ait
677 1074 792 1143 Nostri,
815 1077 928 1128 miscuit
952 1090 1059 1144 suam1

78 1190 81 1195 >
112 1171 192 1219 narn,
216 1161 247 1202 ut
270 1154 430 1219 frequenter
453 1152 545 1202 fucere
569 1148 721 1200 consuevit:
745 1162 811 1198 nam
828 1154 889 1198 erat
912 1146 1059 1212 integrum¹

45 1248 49 1256 ·
111 1238 164 1276 nec
188 1219 314 1292 poenitet
337 1219 405 1271 illas.
439 1220 502 1287 [Alii
525 1220 646 1283 poenitet
669 1215 755 1284 pudet
777 1212 938 1281 accipiuntz]
956 1240 990 1250 -
1029 1206 1059 1289 ἢ

113 1304 138 1343 te
156 1292 296 1357 poeniteat
312 1289 421 1355 pecoris
440 1289 535 1338 divine
552 1291 649 1354 po'e'to3
667 1278 849 1353 ἅλληγορικῶσ
866 1283 920 1333 hoo
938 1282 1019 1332 dicit:
1041 1283 1059 1331 o

111 1360 257 1413 erubescas
281 1357 406 1407 bucolica
424 1356 553 1407 scribere.
571 1381 604 1393 -
641 1361 683 1412 18.
702 1356 825 1412 Adonis;
849 1369 867 1400 a
892 1350 981 1402 habet
997 1367 1059 1402 acce

112 1427 178 1499 quia
202 1426 343 1476 Graecum
367 1432 408 1475 est
438 1440 556 1476 nomen:
585 1431 681 1475 tamen
707 1418 821 1490 et[iam].
839 1419 940 1471 Latine
965 1419 1003 1469 sic
1027 1418 1059 1469 dic

113 1499 187 1549 Nam
213 1494 293 1544 Adon
317 1508 454 1561 nusquam
476 1494 580 1545 lectum
605 1500 653 1543 eat.
694 1492 741 1560 [Et
765 1492 798 1542 de
821 1489 875 1552 hoc
899 1486 996 1537 fabula
1018 1487 1059 1539 tali

113 1566 206 1633 Cypro
223 1562 314 1613 iusula
336 1562 463 1629 regnavit
480 1561 611 1627 Cinyras,
634 1553 739 1611 bibens
756 1559 842 1611 filiam
857 1556 1007 1624 Myrrham
1028 1571 1059 1608 no

114 1649 186 1703 quac
203 1628 273 1681 Solis
295 1632 337 1681 ira
354 1629 383 1680 in
402 1646 511 1683 amores
536 1628 633 1681 incidit
650 1628 748 1698 patris,
769 1631 847 1678 cum'
871 1640 907 1674 uo
924 1626 1011 1676 etiam
1028 1625 1059 1675 mi

116 1701 158 1752 rio
183 1696 299 1749 nutricis
334 1682 491 1749 concubuit.
529 1699 655 1766 Namque
680 1696 770 1749 nutrix
786 1696 864 1763 Myrr
886 1711 918 1745 ae
932 1693 1011 1745 ''dixit
1027 1693 1059 1744 Ci:

66 1778 71 1799 ¹
116 1785 175 1821 esse
191 1766 331 1836 quandam
349 1767 485 1833 puellam,
509 1782 580 1833 quoe
598 1767 656 1817 cius
679 1782 784 1817 amoro.
798 1764 947 1831 flagraret,
971 1769 999 1815 et
1020 1777 1059 1813 coi

115 1845 178 1887 tum
195 1836 277 1886 nocte
296 1836 324 1888 in
341 1835 464 1887 tenebris
479 1843 595 1903 propter
612 1832 804 1886 verecundiam
821 1838 963 1901 expeteret
975 1830 1059 1899 virgin

79 1937 82 1943 ·
115 1904 170 1957 hoc
199 1903 329 1971 Cinyras,
359 1903 487 1954 incitatus
510 1903 640 1971 libidine,
668 1902 803 1973 pollicitus
833 1910 886 1952 est:
915 1899 1059 1969 cupienti

116 1972 208 2025 videre
227 1972 315 2023 vultus
332 1972 453 2040 puellae,
474 1971 568 2023 lumen
586 1971 663 2022 iussit
685 1970 798 2034 inferri,
820 1969 963 2035 visamque
986 1968 1059 2019 filisu

117 2039 195 2109 sequi
214 2055 276 2088 curn
295 2037 385 2105 gladio
403 2038 510 2108 coepit,
532 2048 562 2089 ut
579 2039 762 2103 interficeret,
788 2054 858 2106 quaa
877 2035 991 2106 gravida
1013 2037 1047 2088 tle

117 2107 243 2173 confugit
260 2107 288 2157 in
302 2107 394 2170 silvas,
410 2106 504 2174 ibique
521 2116 628 2160 mutata
645 2107 732 2161 estin
749 2107 881 2159 arborem
897 2105 1020 2161 nominis
1036 2121 1059 2155 u:

116 2176 253 2229 infantem
278 2182 443 2244 conceptum
473 2174 558 2226 etiam
587 2178 617 2228 in
640 2176 744 2228 cortice
765 2175 893 2238 retinuit,
923 2182 953 2224 et
976 2182 1059 2243 postm

117 2243 200 2295 <lento
222 2242 282 2309 apri
308 2244 426 2293 excisum
451 2244 545 2295 emisit
568 2245 597 2295 in
620 2245 726 2308 lucem,
750 2246 797 2311 qui
822 2261 838 2294 a
861 2242 993 2309 nymphis
1015 2244 1059 2295 edu

118 2310 219 2363 Adonis
243 2311 454 2377 cognominatus
476 2320 531 2377 est,
554 2328 638 2380 quem
661 2313 728 2381 quia
744 2314 834 2364 Venus
851 2312 1004 2376 adamavit,
1029 2312 1059 2362 M

120 2394 221 2446 apruui
248 2379 457 2446 transfiguratus
483 2380 589 2433 occidit.
624 2383 714 2449 Quem
739 2381 818 2431 multi
842 2381 1059 2434 miserationeV

119 2449 149 2499 in
167 2462 260 2497 rosam
278 2462 438 2498 conversum
456 2447 558 2501 dicunt.
592 2452 641 2501 Est
658 2451 743 2499 etiam
761 2449 830 2500 alter
842 2450 911 2499 ordo
929 2447 1011 2499 huius
1027 2449 1059 2500 iai

120 2516 161 2566 Ex
184 2518 305 2584 Aegypto
330 2516 567 2582 Epibiostasterius
592 2527 620 2570 et
636 2519 696 2568 Yon
719 2521 817 2568 iratres
835 2518 869 2568 ad
893 2518 1013 2569 insulam
1030 2519 1059 2586 03

121 2584 237 2651 proiecti
255 2591 331 2643 sunt,
358 2591 440 2650 atque
463 2584 503 2634 ibi
520 2587 610 2637 sortiti
627 2603 739 2651 uxores,
762 2603 792 2637 ex
810 2602 929 2654 quorum
955 2603 1056 2651 genere

119 2660 279 2720 procreatus
304 2657 359 2712 est,
384 2653 431 2718 qui
454 2652 552 2703 habuit
574 2656 727 2705 Erinonom
758 2656 809 2722 (ali
837 2655 1026 2727 Erittomam)
1056 2670 1059 2704 1

119 2721 196 2770 Hace.
214 2736 278 2769 cunr
296 2727 365 2770 esset
381 2720 485 2772 nimiae
501 2722 646 2787 castitatis,
668 2732 699 2774 et
714 2724 767 2774 hoc
791 2725 834 2788 (ob
853 2723 917 2784 hoc)
941 2741 958 2775 a
976 2725 1059 2776 Minei

119 2784 208 2838 lliaua
226 2788 401 2853 diligeretur,
424 2789 524 2840 Veneri
548 2802 605 2840 esse
630 2793 722 2857 coepit
744 2794 841 2843 invisa:
866 2809 1022 2859 quaecum
1045 2811 1059 2861 p

119 2856 237 2907 castitati
254 2857 444 2920 insidiaretur,
468 2858 497 2911 iu
516 2875 642 2910 amorem
661 2862 718 2911 eius
734 2863 845 2929 impulit
860 2862 962 2912 Iovem.
997 2863 1055 2932 Que

119 2922 177 3001 luui
195 2932 341 3005 postquam
356 2925 424 2975 Iuno
442 2926 649 2990 animadvertit,
672 2936 703 2977 ut
725 2931 853 2980 fraudem
876 2931 977 2982 fraude
1002 2948 1059 3001 supi

119 2998 190 3059 petit
214 3006 228 3038 a
252 2992 373 3055 benere,
404 3001 436 3043 ut
463 2995 493 3045 in
524 3013 650 3048 amorem
675 2999 782 3063 puellae
804 3000 931 3050 Adonem
955 3000 1059 3051 inlla'mi

120 3073 204 3123 qiaeiu
223 3060 360 3138 (qiso1n9)
387 3069 567 3127 posteaquam
585 3065 659 3116 nulla
674 3069 773 3118 traude
789 3068 938 3118 sollicitare
955 3068 985 3119 iu
1003 3071 1059 3121 eius

119 3140 180 3174 rem
199 3133 301 3239 [prurit.
318 3128 433 3179 obiectis
449 3132 614 3198 quibusdam
631 3133 753 3200 nebulis,
770 3139 861 3202 ipsum
880 3138 1008 3189 Adonem
1023 3138 1051 3189 in

119 3191 196 3269 truie·
221 3194 325 3259 'irgiuis
349 3198 483 3262 produxit.
516 3201 556 3251 Ita
578 3202 709 3270 pudicitia
726 3205 816 3273 puella
832 3222 884 3274 per
901 3206 958 3255 vim
976 3215 1004 3258 et
1025 3209 1059 3259 fre

118 3267 223 3337 fariut,
245 3262 292 3311 sed
309 3263 382 3313 hanc
399 3265 488 3318 Diana
504 3268 574 3319 irata
592 3273 778 3337 (miserataP)
801 3273 877 3323 circa
894 3274 1021 3325 Cisseum
1036 3275 1058 3326 fl

119 3340 149 3405 iu
162 3341 301 3403 ⁸paruouoru
319 3333 442 3384 mutarit.
475 3337 575 3389 Adonis
592 3355 655 3390 vero
682 3342 731 3391 ubi
754 3343 884 3409 cognovit
899 3359 929 3394 se
946 3353 1059 3396 amatair

119 3400 243 3453 Ἥῖῑθὲδθ»
266 3406 394 3475 uicturus
410 3404 533 3471 profugit
548 3407 577 3457 in
595 3409 697 3458 montis
714 3411 801 3461 Cassii
816 3411 909 3474 silvas,
932 3411 1028 3482 ibique
1044 3415 1059 3464 ii

119 3465 164 3509 tus
181 3463 333 3526 agrestibus
350 3470 519 3533 versabatur,
543 3491 627 3542 quem
645 3477 708 3527 dolo
724 3479 860 3529 Mercurii
882 3490 980 3543 monte
998 3483 1059 3534 deal

119 3541 184 3577 citui
202 3546 270 3597 aper
308 3549 393 3599 qrieiu
410 3538 519 3591 fabulae
535 3543 656 3595 Martem
674 3546 841 3613 loquuntur,
869 3550 1050 3602 veliementer

119 3603 180 3653 ret,
204 3604 230 3644 ct
254 3596 288 3647 ab
312 3601 406 3679 Adon·
428 3605 598 3681 ¹vinceretur,
620 3623 737 3678 repente
760 3616 867 3668 lulmeu
889 3619 1016 3688 luppiter
1038 3620 1059 3671 ie

118 3662 243 3741 Adurunt
268 3676 352 3745 auorti
375 3669 464 3723 dedit:
484 3677 531 3727 sed
553 3696 618 3731 cum
643 3684 733 3732 lenus
755 3684 865 3735 illusum
889 3687 958 3750 sibi,
982 3699 1010 3741 et
1031 3705 1058 3738 m

118 3739 205 3809 satiati
224 3732 328 3813 Adustis
347 3752 430 3807 saepe
446 3756 625 3807 quereretur,
648 3750 806 3802 Mercurius
830 3755 978 3807 miseratus
1001 3760 1059 3809 ima

117 3796 234 3855 mimm-
259 3808 394 3881 adfuere
410 3810 585 3877 crederetur,
608 3818 643 3868 ad
660 3835 722 3868 siros
745 3822 841 3872 reduci
864 3825 940 3874 iecit.
974 3812 1059 3878 Iuno¹

116 3878 133 3915 ⁸
157 3864 221 3919 ¹⁰⁸¹*
242 3876 337 3937 peon,
368 3881 397 3923 ¹¹⁸
419 3876 520 3929 Adonis
542 3887 572 3934 in
595 3885 664 3936 lucis
687 3891 785 3953 patriis
807 3908 910 3945 aevum
932 3894 1059 3964 degeret:

141 4000 177 4043 iil
210 4008 267 4047 aab·
281 4013 335 4061 apud
351 4014 443 4067 hahent.
456 4018 544 4071 Alptlrol.
558 4021 596 4067 ui,
611 4024 632 4063 2.
649 4030 743 4069 Ιῑνεὴ.
