2424 4506
620 164 631 195 l

104 270 170 335 268
333 266 512 329 'SERVlI
536 264 897 327 COMMENTARIUS
954 336 957 341 ¹
1042 282 1045 293 ·

21 488 24 495 -
98 452 265 523 frontibus:
284 446 391 521 tingitla
404 451 518 521 singulis
535 451 721 521 complectens
735 416 920 517 ternionibus.
953 446 1104 516 Quodllam,
1131 472 1137 503 ,ι

104 530 134 573 et
147 522 291 573 Suetonius
309 529 540 573 commemorant.
556 546 591 557 —
626 528 669 577 25.
688 521 831 587 Purpurea
853 523 955 570 intexti
971 518 1059 569 tollant
1072 530 1108 563 au*

104 592 167 643 laea
193 590 330 642 Britanni
338 614 345 656 ;
370 591 423 642 hoc
448 590 599 641 secundum
623 589 769 640 historiam
794 598 837 641 est
852 590 967 639 locutus.
998 586 1108 635 uanae

103 668 197 728 gustus
214 668 361 730 postquam
378 660 443 710 vicit
460 660 648 721 Britanniam,
672 660 808 727 plurimos
825 660 859 709 de
878 656 1064 727 captivis‚quos
1077 650 1109 703 als

104 730 232 793 diruerat,
256 730 368 783 donavit
391 730 427 781 ad
444 728 536 780 officia
560 727 723 779 theatralia:
750 728 827 780 dedit
843 727 929 779 etiam
946 725 1049 787 aulaea,
1067 720 1110 773 ie.

103 797 255 862 velamina,
277 799 307 849 in
326 799 425 867 quibua
443 797 604 866 depinxerat
620 798 747 848 victorias
763 813 838 860 suas,
862 804 892 847 et
908 790 1113 865 quemadmodum

24 878 28 886 “
73 904 81 913 .
104 866 231 918 Britanni
250 868 290 925 ab,
305 884 337 921 co
356 852 468 931 donati,
486 864 585 918 eadem
603 866 660 918 vela
678 873 836 934 portarent:
860 866 932 933 quae
950 882 982 915 re
998 880 1055 914 vera
1068 876 1114 938 pot·
1135 888 1151 935 g

102 944 163 987 tare
186 948 392 989 consueverant.
426 937 519 1005 Quam
541 952 604 987 rem
628 936 701 986 mira
724 934 858 1001 expressit
881 933 1071 1001 ambiguitate,
1087 926 1132 977 la.

97 1020 181 1057 cens:
207 1007 309 1057 intexti
326 1008 436 1059 tollant.
471 1006 543 1054 Nam
567 1005 597 1056 in
613 1005 678 1055 valis
702 1004 755 1072 ipsi
772 1011 852 1055 erant
870 1004 953 1070 picti,
979 1002 1025 1070 qui
1039 998 1115 1052 eadem

102 1074 162 1126 vela
180 1075 336 1143 portabant.
358 1074 477 1126 ‘Aulaea
496 1081 589 1126 autem
607 1075 681 1126 dicta
705 1074 820 1125 suntab
838 1073 902 1125 auls
918 1072 1016 1136 Attali,
1036 1070 1063 1121 in
1077 1081 1120 1135 qut·
1140 1086 1144 1095 ·

101 1143 227 1211 primum
255 1148 375 1197 inventa·
389 1153 453 1195 sunt
475 1143 535 1195 vela
557 1143 697 1211 ingentia,
720 1152 866 1212 postquam
890 1142 915 1193 is
938 1140 1065 1211 populum
1077 1136 1117 1185 lle

101 1228 219 1263 manum
243 1214 353 1281 scripsit
375 1212 516 1266 heredem.
535 1239 569 1248 -
604 1219 647 1269 26.
665 1212 761 1263 Sotido
787 1212 951 1277 elephanto,·
976 1208 1030 1279 [ex]
1053 1206 1117 1260 ebora
1147 1206 1151 1279 1Ι

99 1282 221 1349 integre,
237 1299 295 1334 ntm
311 1284 407 1335 sectili.
434 1278 662 1349 Gangaridum,
681 1280 861 1349 Gangaridae
879 1278 976 1350 pupuli
988 1285 1049 1329 sunt
1062 1277 1118 1327 inter
1149 1328 1151 1341 ,

42 1398 45 1405 .
101 1351 182 1403 Indos
201 1359 229 1403 et
246 1352 383 1419 Assyrios,
399 1350 555 1403 habitantes
573 1351 648 1402 circa
666 1349 728 1401 Gan
749 1368 795 1402 ern
812 1350 945 1414 fluvium,
967 1348 1037 1400 unde
1052 1345 1118 1398 etism
1145 1349 1151 1379 '¹

100 1419 279 1489 Gangaridae
296 1420 363 1472 dicti
380 1428 451 1471 sunt.
484 1422 540 1471 Hos
558 1420 665 1486 (etiam)
689 1367 810 1487 [delucit
826 1421 973 1488 Augustus.
1006 1416 1076 1469 Unde
1090 1418 1119 1466 etl
1143 1400 1151 1455 l

100 1489 146 1557 (G.
164 1498 190 1554 2,
208 1490 293 1551 172.):
311 1488 451 1540 imbellem
471 1491 575 1540 avertis
588 1489 730 1541 Romanis
748 1488 863 1538 arcibus
878 1489 991 1538 indum.
1023 1484 1117 1551 Ganga·
1147 1468 1151 1525 l

102 1559 195 1610 ridum
214 1574 282 1610 vero.
295 1577 345 1628 pro
365 1558 599 1627 Gangaridarum
617 1558 716 1630 posuit,
733 1558 798 1626 quia
814 1557 862 1608 hic
880 1556 1046 1625 Gangarida
1062 1552 1117 1607 lacit
1146 1532 1151 1605 l

101 1626 183 1695 Quod
207 1636 302 1678 autem
325 1627 365 1678 ait
387 1650 422 1666 -s
477 1637 521 1685 27.
550 1627 726 1695 Victorisque
752 1628 832 1677 arma
856 1625 996 1693 Quirine}
1018 1638 1070 1675 non
1088 1627 1118 1673 et
1149 1656 1151 1695 3

98 1697 287 1761 scunarium,
315 1713 381 1747 narn
408 1704 439 1747 ut
464 1697 551 1749 etiam
574 1698 603 1749 in
627 1699 720 1767 primo
743 1696 870 1748 Aeneidis
894 1697 992 1762 (292.)
1015 1693 1117 1753 animur,
1149 1716 1151 1759 j

98 1762 244 1817 Suetonius
267 1766 442 1833 'Tranquillus
466 1767 520 1817 hoc
549 1767 584 1819 de
607 1767 728 1835 Augusto
753 1773 974 1817 commemorat:
1006 1762 1116 1830 Quodam
1145 1776 1151 1783 ·

98 1845 220 1899 tempore
244 1847 300 1887 tres
318 1848 411 1901 partes
429 1836 529 1903 populi
555 1838 744 1887 consentiente
763 1838 864 1885 senatu
884 1836 1020 1886 obtulisse
1036 1835 1060 1881 ei
1074 1832 1116 1879 tris
1143 1836 1151 1875 l

99 1892 234 1956 nomina:
262 1903 398 1970 Quirini,
423 1906 559 1972 Augusti,
584 1905 732 1971 Caesaris:
755 1903 808 1957 Ille
834 1923 868 1955 ne
895 1922 984 1954 unum
1002 1899 1116 1967 eligendo,
1149 1902 1151 1907 '

98 1974 174 2025 alias
201 1971 352 2043 offenderet
376 1987 484 2041 partes,
509 1977 600 2041 primo
622 1974 768 2042 Quirinus
793 1987 834 2026 est
852 1976 963 2031 dictust
989 1972 1050 2022 inde
1066 1968 1115 2018 Cat·

98 2059 163 2093 sarr
186 2045 306 2109 postire
331 2046 445 2094 nomine
470 2046 626 2110 permansit
650 2044 780 2111 Augusti.
816 2044 895 2095 Unde
919 2059 986 2107 cum
1009 2038 1114 2106 Virgsstu

98 2110 229 2164 omnibus
257 2111 316 2162 istis
339 2113 461 2182 appellat
489 2113 656 2165 nominibus.
695 2114 770 2164 Nam
794 2112 959 2180 Quirinum,
987 2107 1115 2161 Romulum

97 2180 157 2232 acci
178 2197 226 2232 ere
247 2198 305 2235 non
329 2197 487 2251 possumus,
515 2183 581 2249 quia
604 2181 778 2246 Gangaridas
801 2182 913 2248 penitus
935 2176 1072 2250 ignoravit
1089 2198 1114 2211 -

97 2255 142 2307 28.
189 2251 321 2302 atlantem
341 2252 428 2314 bello;
446 2252 523 2318 quasi
541 2267 597 2303 non
615 2253 710 2316 undas,
727 2251 777 2304 sed
794 2251 866 2303 bella
883 2258 1050 2321 portantem:
1065 2258 1132 2315 prop

94 2326 159 2388 pter
175 2320 289 2373 Antonii
313 2328 341 2370 et
358 2320 524 2389 Cleopatrae
547 2321 741 2388 gravissimum
765 2321 909 2387 praelium.
944 2321 1112 2385 Magnumque

89 2387 231 2457 fluentem
239 2411 249 2453 ,·
274 2405 377 2457 magne
402 2390 519 2455 [nomen
535 2405 586 2459 pro
604 2388 766 2453 adverbio,]
790 2398 821 2439 ut
838 2392 885 2456 (A.
904 2398 936 2451 7,
954 2388 1037 2447 stul:
1059 2385 1110 2434 Tor-

95 2474 216 2522 uumque
236 2471 344 2523 repente
360 2457 476 2508 Clamat.
492 2484 526 2494 -
562 2464 605 2516 29.
622 2459 660 2507 Ac
683 2461 782 2509 navali
805 2469 952 2525 surgentes
974 2474 1034 2507 aere
1052 2454 1111 2505 etlu-

97 2543 196 2588 mnas,·
221 2528 356 2595 Augustus
379 2527 467 2581 victor
484 2528 573 2581 [totius
597 2529 713 2597 Aegypti
738 2544 823 2595 quam
847 2529 950 2580 Caesar
981 2542 1029 2596 pro
1050 2531 1112 2591 parte

95 2605 287 2662 superaverat,
311 2595 399 2646 multa
424 2595 458 2646 de
482 2596 571 2646 navali
597 2597 752 2648 certamine
777 2596 886 2647 sustulit
907 2605 1011 2660 rostra,
1033 2593 1111 2662 quibus

96 2664 222 2714 castilatis
240 2672 371 2736 quattuor
394 2665 487 2720 effecit
509 2667 665 2730 columnas,
690 2682 760 2734 qliae
784 2674 878 2735 postea
896 2684 913 2717 a
929 2664 1077 2717 Domitiano
1090 2659 1111 2709 in

95 2733 233 2801 Capitolio
258 2740 321 2783 sunt
344 2733 467 2784 locatae:
496 2751 562 2801 quas
585 2735 723 2804 hodieque
744 2736 939 2802 conspicimus.
982 2732 1053 2784 Unde
1073 2729 1110 2780 ait:

94 2801 203 2857 Navali
226 2815 373 2870 surgentes
399 2821 461 2855 aere
496 2804 653 2857 columnas.
699 2804 773 2853 Nam
803 2813 935 2855 rostratas
963 2804 993 2855 C.
1015 2799 1109 2851 Duillius

94 2872 156 2923 Cos.
180 2873 283 2939 posuit,
308 2873 385 2923 victis
401 2872 500 2924 Poenis
523 2874 612 2924 navali
638 2873 805 2925 certamine:
831 2893 847 2931 e
871 2873 973 2941 quibus
996 2866 1110 2923 unamin

94 2942 206 3004 rostris,
233 2942 351 2994 alteram
369 2948 433 2992 ante
451 2942 558 2992 circum
576 2942 698 2992 videmus
716 2959 733 2994 a
749 2950 828 3012 parte
847 2941 1003 2995 ianuarum.
1019 2968 1050 2978 -
1077 2942 1110 2994 30·

94 3009 262 3074 Niphatem3
286 3010 420 3078 Niphates
444 3018 473 3062 et
488 3009 586 3061 fluvius
605 3018 646 3062 est
664 3019 692 3061 et
714 3027 808 3062 mons:
833 3019 864 3062 ut
886 3013 926 3078 (A.
943 3021 976 3076 7.-,
992 3008 1066 3069 697.):
1084 3004 1110 3053 Et

95 3078 205 3131 Cimini
223 3096 284 3127 cnm
305 3092 395 3130 inante
414 3081 516 3131 lacum.
552 3080 604 3130 Per
623 3080 773 3148 Niphatem
796 3089 905 3146 autem,
929 3076 1110 3149 popularium

93 3148 250 3204 habitantes
268 3149 427 3217 accipimus.
461 3149 534 3197 Nam
552 3166 603 3199 nec
621 3148 720 3199 lluvius
739 3167 862 3218 unquam
882 3166 934 3201 nec
950 3164 1028 3199 niens
1040 3148 1109 3216 potet

94 3214 167 3296 pelli.
192 3241 225 3252 -
274 3223 319 3275 31.
341 3216 539 3283 Fidentemque
558 3217 635 3286 fuga
661 3216 812 3284 Parthum3
844 3227 910 3268 tunc
934 3219 1011 3270 eslim
1031 3212 1110 3267 melius

93 3285 250 3340 iaculantur
268 3285 389 3351 sagittas.
403 3312 437 3322 —-
472 3295 515 3343 32.
535 3286 628 3352 Rapta
647 3297 777 3354 tropaea,
794 3289 899 3354 raptim
917 3296 946 3338 et
962 3289 1019 3339 sine
1033 3284 1109 3335 latore

92 3355 225 3423 quiaesita.
260 3353 382 3407 Diverso
401 3362 495 3407 autem
513 3355 555 3404 Er
574 3356 668 3419 ltoste,
694 3352 816 3408 Orientis
843 3365 871 3408 et
889 3355 1041 3408 Occidentis
1055 3349 1109 3403 etti·

92 3423 193 3497 pimus.
227 3418 308 3475 Unde'
326 3431 354 3473 et
371 3424 422 3475 ait:
443 3423 564 3489 Utroque
583 3428 618 3474 ab
637 3424 876 3482 litorer,Orientis
895 3436 1008 3495 propter
1021 3423 1108 3489 thgt·

92 3492 235 3545 siderum:
258 3491 430 3557 Occidentis,
458 3502 573 3561 propter
597 3495 797 3545 Britannorum
820 3495 1003 3564 triumphum.
1019 3519 1049 3531 -·
1075 3492 1106 3547 il

93 3562 214 3614 Stabunt
231 3558 265 3611 'et
287 3559 368 3611 Parii
394 3562 503 3628 lapides
529 3565 674 3629 spirantia
700 3567 801 3631 signa,-
825 3565 855 3615 in
879 3565 985 3632 templo
1008 3558 1106 3614 Caesaris

93 3633 234 3688 maiorum
252 3630 310 3680 eius
328 3638 430 3680 statuas
448 3632 515 3681 dicit
531 3631 582 3698 [se]
601 3648 657 3686 esse
676 3637 847 3700 positurum,
871 3650 937 3700 quas
956 3628 1106 3691 cemmendat
1145 3633 1149 3654 ¹

93 3710 121 3759 et
137 3719 155 3755 a
171 3700 295 3769 pretioso
311 3715 471 3765 marmure,
489 3709 518 3752 et
534 3701 570 3751 ab
588 3710 665 3770 arte,
683 3703 794 3770 dicens,
810 3703 950 3775 spirantia
968 3704 1049 3773 signa.
1075 3695 1105 3746 Sit

76 3960 78 3965 .
121 3927 157 3978 29)
185 3929 224 3967 Pro
248 3930 270 3966 (l.
285 3927 353 3965 Duill.
374 3940 415 3965 eos.
437 3928 503 3966 (tm-u.
518 3931 533 3966 l.
554 3931 606 3969 rimis
626 3916 695 3972 iulius.
718 3935 785 3972 Gucls.
799 3935 823 3971 11.
844 3936 867 3973 B.
887 3936 914 3973 R.
930 3936 976 3972 ἴοι.
996 3934 1037 3971 leals.
1056 3927 1102 3966 lulius·

108 4018 112 4029 .
177 3986 246 4035 stapla.
266 3986 325 4048 lisln.
340 3986 392 4021 Dan.
416 3986 441 4022 al.
462 3988 527 4024 Iulum
545 3990 626 4027 Gnasur.
647 3993 696 4031 cod.
713 3993 758 4031 Urs.
775 3993 856 4036 Wirles,
876 4006 913 4043 pro
935 4007 974 4043 quo
986 3992 1023 4046 ,ifle
1041 3984 1101 4028 malt-lat

177 4042 258 4087 uilium
273 4048 355 4095 tuisque
368 4057 405 4097 pru
420 4043 516 4085 Duillius.
531 4057 551 4084 v.
565 4049 634 4087 Burni.
