2288 4514
988 100 1125 173 ,χ’

104 273 110 281 “
192 330 230 371 u
252 308 412 372 vucu.
436 282 599 377 (trouu.¹
621 288 663 388 1,
683 318 855 381 so-mu
983 322 1047 386 aaa
1100 304 1105 311 '

73 494 295 547 metumientem
310 492 391 559 dicit,
409 504 439 548 et
455 495 610 566 Sicyonium
625 496 742 549 baccam
760 496 876 562 olivam,
892 514 946 549 nou
966 501 1040 568 quod
1105 494 1108 499 ’

73 580 108 617 cc
132 570 251 627 tautum
273 572 439 632 nascantur,
471 573 518 618 aut
540 566 640 619 Pelusii
661 566 750 618 solum
779 566 879 632 lentes,
912 578 938 623 et
961 570 1038 622 India
1114 612 1117 629 ,

73 638 87 683 t
105 630 201 698 ebur,
218 634 266 685 sed
283 641 312 686 et
328 633 426 687 Africa.
463 634 516 687 Sed
532 636 653 687 maiores
669 636 778 687 suntin
794 636 871 687 ludia
889 636 1036 704 elephanti.

73 698 94 753 ei
112 700 198 753 natio
214 708 257 754 est
272 702 405 770 Arabiae,
429 720 497 771 quos
514 705 625 769 molles,
648 704 714 754 vitio
731 706 882 768 sermonis,
906 708 971 773 quia
989 724 1035 777 pa-

77 768 208 821 viriliter
229 771 391 839 loquantur,
412 773 486 825 dicit.
527 774 660 839 Chalybs,
682 773 759 824 natio
782 774 909 838 Pontica,
933 775 962 825 iu
980 792 1035 843 qua

76 838 285 902 ferriiodiuae3
306 840 347 891 ibi
370 848 465 893 autem
483 860 500 894 a
522 843 602 893 nudis
624 842 733 892 ferrum
751 844 900 911 quaeritur.
933 844 1034 896 Pontus

73 912 96 959 rt
113 908 379 974 castora,eed110n
398 911 484 972 solus;
508 911 574 961 fibri
592 911 669 963 enim
684 918 768 963 testes
785 912 839 963 hoc
855 912 969 964 nomine
987 930 1033 981 ap·
1066 912 1069 919 '

73 984 146 1028 rtur.
181 976 263 1045 Quod
285 977 391 1029 animal
414 995 479 1029 cum
504 980 588 1030 etiam
612 979 642 1030 in
666 979 727 1032 aliis
749 980 923 1048 regionibus,
949 998 1034 1049 quam

73 1052 132 1097 orto
150 1054 294 1113 nascatur,
310 1062 368 1099 non
384 1054 479 1099 tamen
495 1054 572 1101 tauta
589 1055 631 1103 est
647 1048 684 1099 vis
699 1049 828 1115 testium,
845 1057 948 1117 quanta
964 1050 1033 1102 Pon-

73 1112 332 1166 maurorum...
367 1121 409 1174 59.
428 1116 562 1167 Eliadum
580 1125 646 1179 etc.;
669 1117 885 1187 copiosissimam
903 1134 960 1170 esse
976 1120 1033 1187 pal-

73 1180 192 1251 dpirum
208 1183 358 1251 significan
374 1202 426 1237 nec
443 1193 540 1237 tamen
556 1187 644 1237 solam
662 1201 707 1238 eas
723 1188 814 1248 ferre3
829 1187 895 1238 dicit
912 1188 987 1238 euim
1006 1197 1034 1239 ct

73 1266 151 1305 aeas.
186 1251 290 1319 Quaeri
307 1253 392 1318 solet,
421 1271 507 1321 quare
526 1270 663 1322 equarum
687 1258 879 1324 potiusquam
897 1272 1033 1323 equorum

73 1356 76 1369 .
110 1303 175 1391 lpse
191 1320 331 1391 rationem
347 1323 455 1375 consilii
477 1324 519 1374 sui
537 1324 667 1394 explicat,
692 1338 758 1373 cum
782 1326 821 1375 ait
843 1326 872 1376 in
898 1325 971 1375 libro
986 1327 1033 1378 ΠΙ.

99 1386 157 1441 Seu
178 1388 238 1457 quis
256 1390 432 1461 Olympiacae
457 1399 507 1444 etc.
525 1419 558 1429 -—
593 1399 636 1449 62.
653 1392 824 1445 Deucalione
846 1402 945 1461 piarent
967 1396 1032 1445 Pro-

73 1456 102 1509 ei
117 1458 204 1519 luisse
220 1458 323 1523 filium,
347 1468 375 1511 et
391 1460 518 1513 habuisse
534 1462 565 1513 in
582 1461 761 1513 matrimonio
778 1478 900 1514 sororem
920 1470 1029 1529 patrue·

73 1525 230 1595 Pyrrham,
258 1528 417 1597 Epimethei
439 1530 548 1595 filiam,
573 1530 615 1581 his
639 1530 824 1598 temporibus,
859 1532 958 1600 quihus
989 1531 1031 1583 ira
1054 1593 1056 1597 Ι

73 1632 81 1661 ,
101 1594 237 1651 inundata
261 1597 395 1663 Graecia,
423 1600 588 1668 cataclysmo
618 1600 739 1669 perdidit
759 1598 913 1650 humanum
937 1616 1030 1668 genus.

73 1678 136 1717 cum
150 1665 252 1735 perlati
268 1675 357 1719 essent
373 1668 403 1718 iu
420 1676 545 1721 montem
563 1670 741 1721 Parnassum.
759 1667 835 1718 cuius
851 1677 959 1719 tautum
977 1670 1030 1720 duo

73 1748 112 1793 tes
128 1733 303 1798 eminebant,
319 1743 351 1785 ut
366 1736 408 1787 ibi
423 1744 494 1791 esset
510 1739 652 1788 oraculum
670 1736 835 1802 Themidos‚
850 1738 1031 1805 intraverant,

73 1809 155 1868 mtes,
178 1805 414 1874 quemadmodum
431 1815 542 1874 possent
559 1806 665 1858 restitui
688 1805 824 1857 homines.
858 1805 963 1873 Quibus
987 1824 1031 1857 re·
1056 1837 1059 1843 -

73 1886 129 1923 urm
145 1882 203 1939 est,
225 1874 352 1925 iactanda
369 1874 413 1926 his
429 1893 488 1928 esse
511 1875 632 1945 parentis
655 1892 774 1942 megarae
794 1890 853 1925 ossa
871 1883 933 1941 post
949 1882 1029 1943 terga

72 1940 152 2007 ictis,
173 1940 364 2013 capitibusque
387 1944 489 1996 velatis.
528 1946 703 2012 interpretati
726 1951 820 1994 autem
843 1960 907 1993 cum
933 1951 1030 2008 esseut,

73 2024 104 2059 m
121 2020 285 2081 parentem,
309 2028 368 2064 ossa
386 2014 443 2065 eius
459 2013 577 2085 lapides,
600 2016 726 2066 iecerunt
744 2020 806 2080 post
819 2027 864 2077 se,
881 2030 913 2064 ex
930 2012 1029 2081 quibus

74 2094 143 2129 uum
160 2094 248 2149 genus
262 2089 393 2133 renatum
411 2090 458 2135 est.
489 2084 576 2135 'Cuius
590 2083 675 2133 etiam
686 2082 797 2133 Ovidius
811 2082 947 2145 meminit,
962 2082 1029 2132 'cum

74 2146 192 2201 Metam.
208 2157 240 2213 1,
256 2152 363 2213 414.);-
378 2151 445 2203 lnde
467 2168 554 2221 genus
578 2151 678 2202 dmum
702 2166 809 2213 sunms,
832 2151 1027 2219 experiensque

73 2231 141 2284 um,
165 2216 202 2269 Et
218 2220 384 2272 docimienta
400 2222 512 2283 damus,
530 2237 585 2288 qua
601 2222 686 2272 simus
704 2220 811 2287 origine
831 2220 897 2271 nuti.
914 2251 947 2260 -
982 2224 1026 2275 68.

73 2300 127 2337 trus
143 2294 186 2338 est
201 2288 278 2339 stella
295 2288 325 2341 in
342 2290 430 2343 cauda
446 2289 559 2341 maioris
575 2290 676 2353 Ursae,
700 2306 784 2357 quam
803 2288 903 2340 Graeci
920 2287 1027 2338 Elicem

73 2362 107 2417 ιη
124 2352 198 2408 dicta
215 2375 232 2408 a
249 2358 337 2409 cauda
355 2366 382 2409 et
398 2374 475 2420 ursa;
499 2354 596 2428 ἄρκτος
614 2358 690 2411 enim
709 2358 817 2409 Graece
835 2374 900 2409 ursa
918 2356 1028 2420 dicitur,

73 2419 130 2477 roei
149 2418 182 2489 ά,
208 2424 286 2476 cuius
304 2434 367 2477 ortu
382 2427 472 2479 hiems
494 2429 599 2498 incipit.
615 2456 650 2466 -
684 2434 727 2483 70.
745 2426 803 2476 llic
820 2436 889 2489 etc.;
913 2425 1027 2494 quidam

73 2501 118 2547 tut
130 2442 284 2559 icareuam,
310 2496 375 2564 quia
398 2496 526 2557 haereat3
548 2497 593 2547 cui
610 2495 666 2547 scil.
683 2497 846 2565 digammon
865 2496 1026 2547 adiunctum

73 2562 142 2631 {uod
159 2564 244 2615 etiam
262 2564 386 2629 hauriat,
402 2565 455 2617 hoc
473 2574 527 2632 est,
549 2566 580 2616 in
598 2582 628 2617 sa
644 2570 787 2635 receptum
805 2566 953 2616 humorem
970 2568 1026 2613 tra·

83 2632 172 2683 Huius
193 2632 267 2685 hauc
291 2650 349 2685 esse
372 2642 501 2686 naturam
524 2643 640 2687 testatur
656 2634 785 2701 Virgilius
807 2634 912 2685 diceus:
937 2630 1026 2683 Colle-

93 2700 244 2753 humorem
268 2701 363 2753 bibula
385 2703 496 2755 deducit
518 2720 611 2755 arena.
643 2703 743 2753 Bibule
764 2704 840 2754 enirn
865 2702 929 2770 quia
947 2700 1028 2751 bibat

73 2786 101 2821 tr.
117 2795 154 2807 -
187 2778 231 2827 73.
248 2771 304 2821 Aut
321 2772 364 2822 iti
380 2780 444 2833 etc.;
468 2781 580 2842 putant,
604 2787 661 2823 non
684 2773 775 2823 minus
793 2788 852 2822 esse
876 2770 973 2821 utilem
990 2768 1025 2819 ad

73 2854 127 2891 tem
151 2839 234 2890 farris
257 2855 371 2909 agrum,
395 2856 426 2893 ex
443 2859 496 2909 quo
520 2842 587 2894 alius
603 2844 707 2892 fructus
731 2840 851 2890 sublatus
868 2839 917 2903 sit,
940 2853 1025 2905 quam

73 2908 123 2977 qui
139 2908 243 2959 vicibus
260 2917 402 2961 cessat—
436 2918 480 2969 78.
493 2911 647 2963 Lethaeum
664 2925 792 2960 somnum
810 2907 883 2974 dicit,
901 2922 934 2958 eo
952 2903 1026 2973 quod
1065 2928 1068 2935 ·

73 2978 112 3030 iat
133 2977 306 3030 memoriam
328 2979 432 3046 sopitis.
471 2980 560 3032 Lethe
585 2981 662 3032 euim
687 2988 728 3030 est
751 2978 858 3029 oblivio.
904 2976 1025 3043 Papaver

73 3064 104 3111 a,
124 3047 202 3117 quod
224 3046 253 3097 in
277 3054 370 3117 segete
392 3048 528 3110 nascitur,
551 3049 618 3101 facit
632 3064 771 3099 somnum.
788 3079 821 3089 --
859 3050 918 3102 102.
936 3044 1024 3095 Nullo

79 3116 172 3185 Mysia
188 3115 265 3168 natio
290 3124 331 3169 est
346 3116 492 3168 coniuncta
509 3118 652 3182 barbaris,
673 3117 837 3183 contingens
853 3113 1025 3165 Adriaticum

73 3202 90 3237 r.
124 3184 179 3237 Sed
196 3187 328 3245 etaltera
351 3186 432 3237 huius
455 3188 575 3239 nominis
597 3196 688 3249 terra,
711 3186 803 3236 iuncta
822 3183 953 3247 Troadis,
976 3180 1025 3232 ali-

73 3254 103 3306 lo
118 3253 243 3319 subiecta
259 3255 319 3324 regi
336 3254 476 3324 Telepho,
499 3264 528 3309 et
543 3263 607 3309 aute
624 3254 798 3306 Teuthranti.
832 3252 959 3320 Gargara
976 3265 1024 3317 ap·

73 3338 110 3375 ur
125 3330 211 3393 caput
225 3323 290 3377 Idae
306 3326 449 3393 Phrygiae.
462 3351 494 3362 —
531 3333 591 3382 120.
607 3325 837 3392 Strymoniaeque
849 3330 917 3384 etc.;
933 3320 1025 3371 dictae

77 3390 279 3463 uStrymone,
302 3394 440 3446 Thraciae
463 3394 594 3455 flumine,
625 3394 674 3445 ubi
697 3392 818 3445 maxime
843 3409 893 3461 per
917 3397 1024 3442 aestum

73 3469 146 3517 ntur.
162 3488 198 3503 ·-
233 3466 294 3521 124.
310 3463 369 3515 Nec
387 3475 492 3530 torpere
509 3472 574 3524 etc.;
592 3472 750 3527 veternum,
765 3478 878 3530 gravem
894 3471 1023 3511 somnum

72 3538 86 3583 t
106 3527 241 3603 intelligi,
261 3540 433 3603 spectantem
455 3534 490 3584 ad
512 3532 674 3593 interitum3
696 3548 779 3600 quem
804 3529 907 3582 medici
922 3526 1023 3580 lethar-

79 3608 192 3655 vocant.
213 3628 247 3639 -
288 3606 350 3660 148.
376 3602 445 3653 Cum
472 3604 530 3653 ium
555 3611 621 3663 etc.;
645 3601 742 3653 arbuta
764 3607 828 3652 suut
853 3594 1024 3657 arbusculae,

78 3668 200 3725 in'ailvia
215 3672 377 3739 frequenter
394 3679 557 3736 nascuntur,
579 3688 650 3739 quae
672 3671 797 3741 plerique
821 3668 960 3720 uuedones
978 3676 1022 3710 vo-

95 3738 223 3792 'Dodoua
248 3740 323 3790 locus
347 3740 504 3803 continens,
531 3756 649 3808 quercus
672 3756 743 3808 quae
767 3738 938 3798 continetur,
962 3735 1023 3782 erut

115 3808 166 3859 Est
187 3817 281 3863 autem
303 3809 439 3879 templum
462 3808 608 3861 Dodonaei
630 3809 698 3860 Iovis
720 3808 749 3859 in
774 3804 913 3868 Chaonia,
943 3806 1023 3870 parte

73 3892 169 3947 ,quae
184 3877 239 3930 hoc
256 3878 371 3930 nomine
387 3878 550 3947 appellatur.
563 3908 596 3916 -
632 3884 692 3936 163.
711 3876 860 3941 Tardaque
878 3906 890 3915 ·
908 3904 920 3914 ·
938 3872 1022 3938 Plau·

83 3946 210 4017 imperiti
227 3964 260 3999 ea
277 3947 380 4014 plostra
396 3948 542 4016 appellant.
576 3947 646 3999 Sunt
661 3949 736 3999 euim
752 3943 886 4007 vehicula,
901 3954 1022 4008 quorum

87 4028 147 4069 uon
163 4022 227 4067 sunt
241 4017 382 4079 radiatae3
399 4018 457 4083 sed,
474 4023 606 4085 tympana
622 4014 800 4068 cohaerentia
816 4011 869 4076 exi,
884 4016 913 4060 et
928 4009 1023 4089 iuncta

73 4100 94 4139 ,ο
119 4084 223 4139 farrea
256 4085 318 4139 Axia
339 4092 434 4140 autem
450 4101 516 4139 cum
539 4092 601 4140 rota
618 4084 748 4149 volvitura
769 4096 838 4136 uam
853 4084 932 4133 rotae
949 4092 1023 4130 cuca
