2288 4514
78 296 86 323 l
131 258 198 323 238
388 244 530 309 SEthl
553 244 915 313 COMMENTARIUS

133 438 235 491 norior
252 434 376 487 dicimus.
408 434 446 485 Et
461 430 600 485 Falernus
616 446 696 483 mons
713 432 890 501 Campaniae
906 442 964 501 est,
977 434 1007 487 in
1021 448 1069 503 quo
1084 465 1087 475 ι
1100 424 1124 448 '¹

129 522 180 559 me
203 504 265 557 vina
288 509 445 555 nascimtur.
462 528 496 539 -
538 508 582 557 97.
604 500 676 553 Sunt
698 513 723 552 et
740 503 878 555 Amineae
903 508 974 557 uites
989 502 1095 573 firmini

130 580 218 641 uina,·
242 574 389 623 Amineum
407 572 501 621 vinum
517 569 621 621 dictum
639 576 692 632 ert,
709 570 787 639 quasi
804 573 866 627 eina
884 574 988 639 minio,
1002 572 1019 625 i.
1034 588 1112 626 eru,

130 663 177 709 re,
208 658 274 695 nem
298 638 393 693 albiun
416 648 465 691 est.
508 638 580 691 Sene
603 641 750 691 Amineum
772 640 829 692 dir-i
852 658 948 695 veruto
969 640 1069 713 prohat,
1109 693 1112 702 ,

130 722 203 767 alere
228 728 285 763 uon
309 716 413 781 potest,
434 706 458 759 si
482 710 662 759 eminuaeum
686 708 844 763 dixerimus.
860 736 898 749 ·-
938 716 983 769 98.
1000 709 1093 763 Tmolus

129 784 257 847 assurgit
275 781 377 847 quibus
394 788 420 828 et
437 795 485 831 m
503 780 561 843 ipse
581 775 742 841 Phanacen
765 781 901 845 atsurgit,
923 778 1027 847 Duplex
1040 784 1073 831 etl

127 850 189 903 loco
207 848 345 918 expositio.
378 847 451 899 Nam
474 846 521 897 alli
538 845 636 897 voltmt·
651 846 710 897 tins
732 844 798 897 vitio
823 848 867 912 (al.
885 848 984 909 dubio)
1005 847 1032 899 iu

128 920 233 971 ditione
257 932 315 969 esse
339 916 440 985 posita,
464 931 534 985 quae
557 924 651 981 aperte
672 914 766 966 dicere
788 931 846 968 non
934 932 1028 980 umus,
1050 920 1074 965 nt

150 988 229 1039 uibus
256 986 325 1037 vinis
354 984 486 1052 assurgit,
514 984 533 1036 i.
557 1000 582 1034 e.
604 983 677 1035 cedit
698 982 774 1035 vinus
797 985 870 1035 Tmo
882 986 924 1035 im
952 993 981 1037 et
1001 984 1060 1037 Pha
1085 1017 1090 1020 -

127 1004 208 1125 {uod
230 1054 252 1105 si
275 1059 370 1121 aperte
395 1052 515 1118 dicatur,
538 1058 578 1103 est
602 1059 750 1119 utrumque
771 1052 918 1121 vitiosum,
938 1060 1030 1105 temen
1053 1050 1079 1101 7¹
1137 1033 1144 1100 l

126 1126 163 1179 de
180 1124 288 1175 Graeco
311 1122 404 1173 traxit:
430 1137 497 1174 narn
519 1120 591 1173 οἶνοι
607 1122 707 1172 dicunt
740 1118 819 1173 Plera
840 1136 875 1172 sse
898 1130 991 1185 autem
1137 1119 1144 1168 l

126 1210 198 1263 quaa
216 1199 311 1263 uperte
328 1206 384 1243 non
400 1207 541 1261 possumus
558 1191 666 1252 dicere,
689 1196 719 1241 at
733 1188 742 1238 i
763 1204 792 1241 se
809 1138 876 1241 alibi
892 1192 974 1243 docet
987 1190 1079 1254 dicent,
1143 1187 1144 1218 l

125 1262 219 1315 Alecto
238 1268 281 1328 (7,
297 1260 383 1320 498.);
406 1260 464 1310 Neo
482 1260 593 1309 dextrae
611 1258 719 1309 erranti
755 1273 804 1309 eus
828 1259 925 1327 obfuit
947 1259 1028 1329 [quod
1049 1254 1088 1301 Μ’

125 1332 218 1383 dicere
235 1346 291 1381 non
309 1344 466 1395 possumus,
487 1344 552 1379 cum
568 1327 662 1379 Alecto
687 1326 854 1379 lemininslm
876 1327 934 1393 sit]
965 1330 1000 1379 ht
1026 1301 1112 1368 W*

123 1398 170 1467 qui
195 1399 248 1465 ait,
272 1394 345 1463 Quis
369 1414 386 1445 o
406 1396 527 1447 Sertorio
553 1397 677 1459 triplices
694 1396 834 1461 insidiae,
856 1414 907 1463 per
929 1398 1064 1448 idoneoss
1084 1411 1093 1432 ι’

122 1472 232 1539 positae
250 1477 331 1517 erunt
350 1465 394 1530 (al.
410 1465 514 1527 erront)
531 1468 640 1532 prima,
656 1470 684 1515 et
700 1462 921 1517 subaudiendum
936 1466 986 1517 reli
1006 1464 1076 1527 uit,i
1097 1487 1099 1494 ι

124 1540 189 1589 eiius
216 1536 290 1605 quod
314 1534 421 1605 penitus
439 1534 531 1585 dicere
556 1548 612 1585 non
635 1546 785 1599 possumus.
819 1534 872 1585 olii
890 1482 1050 1599 (autemiad

122 1608 200 1661 riora
215 1608 355 1669 referunt,
378 1612 409 1653 ut
427 1602 556 1668 Quibus,
573 1616 628 1652 non
646 1599 681 1651 ad
698 1600 759 1651 vina
774 1602 945 1666 reseratum,
960 1603 1007 1655 ted
1021 1600 1052 1653 ul
1090 1623 1092 1634 ι

57 1700 62 1714 1
122 1684 155 1727 ut
172 1677 220 1737 rit,
242 1674 340 1742 quibus
357 1671 455 1723 vitibus
472 1672 545 1723 cedit
561 1668 685 1720 Tmolius
702 1674 731 1720 et
746 1668 903 1735 Phanaeus,
928 1678 1032 1723 montet
1045 1666 1091 1719 vir·
1119 1681 1122 1689 ·

122 1743 229 1796 consiti.
262 1744 298 1793 Et
316 1748 356 1793 est
371 1740 475 1809 figura:
497 1739 584 1807 qualis
599 1738 648 1789 illa
663 1737 693 1789 in
709 1738 829 1791 Aeneide
846 1744 888 1805 (4,
905 1740 992 1801 asath:
1015 1736 1057 1789 tte
1095 1767 1096 1772 =
1117 1737 1119 1746 ‘

118 1814 261 1863 Asconius
279 1811 434 1876 capitisque
452 1809 563 1859 iniuria
581 1808 658 1857 euri.-
682 1803 771 1872 Quem
785 1824 877 1873 ,regno
898 1752 1094 1875 Hesperiaelle
1116 1852 1117 1856 ,

119 1884 169 1934 dos
193 1880 296 1933 scilicet
312 1879 473 1940 Ascanium,
498 1892 554 1928 non
577 1890 664 1944 quem
687 1883 778 1942 caput.
810 1876 848 1927 Et
864 1876 990 1929 Tmolius
1011 1890 1078 1927 ιιιοιιι
1096 1905 1101 1910 -=
1126 1904 1127 1912 ι

119 1951 248 2001 Ciliciae:
279 1949 421 1999 Phanaeus
446 1961 525 1997 mons
553 1941 615 2013 [ert]
638 1944 667 1995 in
697 1944 890 2011 promontorio
914 1944 991 1999 Chiis
1018 1942 1125 2017 drona:

118 2018 247 2071 Phanaeo
263 2034 340 2085 rege.
374 2015 410 2065 Ut
425 2023 519 2065 autem
536 2014 682 2079 Assurgit,
706 2012 779 2064 cedit
794 2012 845 2076 tit,
866 2022 988 2067 tractum
1011 2021 1128 2065 estate-0

118 2088 260 2150 dentibus,
291 2084 338 2151 qui
368 2082 398 2134 in
422 2084 558 2137 honorem
588 2080 717 2140 alicuius,
745 2078 912 2149 [adsurgere
936 2083 1127 2135 consueveritis.

117 2156 178 2207 Rex
198 2160 256 2223 ipse
274 2153 439 2217 Phanaeus,-
463 2150 497 2203 de
513 2150 619 2201 Lucilio
637 2148 689 2199 hoc
706 2155 824 2200 tractum
842 2157 898 2217 est,
921 2152 968 2221 qui
985 2150 1024 2205 ait
1038 2146 1086 2213 tiit
1095 2161 1125 2201 ιι·

116 2221 261 2290 diviseris,
279 2224 296 2276 i.
316 2242 339 2275 e.
356 2219 434 2275 οἶνοι.
453 2245 488 2257 -
526 2225 569 2277 99.
586 2219 624 2268 Ar
645 2220 746 2284 itisque
764 2220 873 2282 minen
898 2228 1033 2289 quantum
1047 2216 1119 2271 adst·

113 2295 170 2348 lam
188 2295 308 2365 pertinet
323 2294 452 2360 speeiem.
469 2314 504 2326 -
538 2293 598 2345 101.
649 2289 725 2337 ensis
746 2298 770 2337 et
787 2288 846 2337 diis
864 2302 976 2357 acceptu
994 2287 1129 2351 retundite·

114 2372 194 2431 grata
222 2361 273 2431 [et]
301 2360 441 2410 sacriliciis
473 2364 501 2408 et
529 2355 631 2407 mensis
663 2354 795 2407 secundis.
848 2356 1000 2409 Pomorum
1028 2356 1131 2409 emm.

112 2432 236 2503 [Rhodos
252 2430 338 2481 insula
355 2436 413 2491 est,
430 2426 505 2475 cuius
522 2442 595 2475 nunc
611 2423 705 2473 vinum
720 2422 831 2489 laudat]
850 2450 882 2461 -·
919 2433 980 2483 102.
997 2426 1117 2487 Bumastet

111 2520 163 2554 uve
179 2500 208 2551 in
226 2515 365 2550 mammae
382 2494 456 2546 bovis
472 2493 687 2543 similitudinem.
718 2493 879 2561 [Tumidis;
898 2492 1081 2563 turgentibus]
1093 2518 1118 2529 -

113 2578 176 2629 103.
194 2570 244 2619 Sed
264 2584 349 2632 neque
368 2582 449 2632 quam
469 2564 570 2612 multoe
589 2563 707 2627 speeies,
724 2578 771 2611 neo
791 2566 907 2612 nomino
927 2582 998 2630 quae
1015 2560 1117 2614 sintin

112 2655 261 2699 numerus;
288 2636 337 2686 scit
353 2634 425 2703 apud
442 2631 559 2682 diversos
582 2630 651 2681 lecta
675 2646 733 2682 esse
749 2632 962 2684 innumerabilia
979 2633 1070 2685 vitium
1083 2646 1118 2699 gt«

110 2726 193 2773 netu,
210 2706 307 2776 quibus
326 2708 442 2755 otl'eusus
461 2700 507 2761 ait,
524 2699 659 2764 Colligere
676 2706 753 2750 tanta
769 2700 865 2749 vitium
882 2716 988 2767 genera
1004 2718 1055 2753 nec
1069 2698 1118 2750 utils

112 2785 153 2831 est
170 2796 221 2829 uec
238 2773 372 2844 possibile.
405 2769 460 2836 Qui
484 2768 559 2820 enim
576 2775 692 2818 conatur
709 2768 833 2819 universa
851 2784 1033 2836 cognoscere,
1053 2768 1117 2821 debet

110 2847 195 2900 etiam
212 2842 391 2911 impossibilia
407 2839 492 2900 scire,
515 2844 546 2886 ut
564 2844 604 2886 est
621 2852 769 2887 arenarum
787 2836 828 2887 vel
844 2836 982 2889 lluctuum
1000 2850 1117 2891 numeru·

35 2970 38 2975 ,
108 2942 144 2955 -
181 2921 237 2970 105.
258 2903 609 2979 [Libyci5i.e.rllricani.
643 2905 703 2973 Ipse
721 2904 786 2955 alibi
804 2908 881 2970 (Aen.
897 2912 931 2971 4,
948 2904 1114 2971 257.):Litus

106 2986 263 3035 Annorum
282 2976 409 3045 Lihyoe]
426 3002 460 3013 -
496 2980 555 3029 109.
573 2971 630 3022 Nec
648 2992 711 3024 uero
729 2985 817 3024 terroe
829 2974 909 3041 serre
928 2994 1024 3027 omnes
1040 2976 1114 3029 omnis

108 3062 240 3119 possunt3
264 3057 311 3098 uut
329 3045 456 3113 generale
474 3050 530 3103 est,
552 3042 623 3091 sicut
638 3042 678 3092 ait
700 3042 728 3093 in
746 3043 853 3113 primo,
875 3044 910 3094 Et
928 3046 994 3112 quid
1012 3058 1114 3113 quaeque

105 3124 181 3172 ferat
197 3117 288 3183 regio:
313 3123 359 3165 unt
377 3114 410 3163 ad
428 3110 570 3178 superiora
590 3111 722 3178 pertinet,
747 3120 777 3161 ut
801 3111 861 3162 talis
884 3113 919 3163 sit
942 3130 1047 3175 sensus,
1065 3113 1112 3161 hou

106 3186 218 3256 prodest
240 3199 318 3233 nosse
335 3188 433 3233 cuncta
452 3181 547 3230 vitium
563 3194 682 3245 genera:
706 3196 759 3230 nec
782 3180 876 3232 omnia
899 3190 1074 3248 procreentur
1090 3180 1111 3227 lt

105 3254 233 3307 omnihus
256 3250 337 3317 (locis
360 3250 417 3309 vel>
440 3246 530 3299 terris.
548 3274 583 3284 -
625 3253 686 3304 110.
711 3248 824 3301 Crassis
846 3250 1018 3317 paludibus,
1039 3246 1112 3303 lutttil

129 3452 167 3503 97)
186 3454 222 3549 diii.
241 3452 262 3491 in
280 3450 333 3490 dns:
358 3451 409 3489 Item
428 3449 528 3490 Amrheeu
547 3449 572 3488 ah
593 3462 640 3500 egro
659 3447 758 3496 Amineo,
785 3450 839 3490 unde
859 3451 923 3491 vitem
947 3453 1000 3492 liene
1017 3450 1109 3493 uendtlss

207 3517 260 3548 eunt.

129 3615 167 3667 98)
194 3616 235 3655 duh
258 3614 315 3651 sinum
338 3614 375 3652 (hs
394 3615 499 3652 Phanaeus
519 3614 676 3663 promontorium
696 3614 785 3658 Siciliae,
804 3613 839 3651 uhi
859 3614 961 3664 Apollinis
980 3615 1067 3667 templu!
1081 3612 1106 3647 “lv

186 3673 292 3713 Tmolcum
312 3678 331 3708 et
346 3672 434 3709 Paucum
455 3670 530 3708 dieunt.
558 3673 607 3708 ltrm
622 3672 717 3708 'l'molrur
737 3685 748 3708 a
768 3678 836 3708 rnuutu
850 3670 929 3721 Libyae
944 3673 1035 3725 (Lydiae)
1047 3666 1105 3709 'lullo

185 3729 286 3770 Tmulium
302 3728 376 3765 riuum.
405 3728 508 3765 Phoimios
530 3728 685 3775 prorrionton'uin
701 3727 756 3771 (hii,
772 3728 825 3765 mule
843 3734 864 3764 ei
879 3728 951 3767 l'lriutn
967 3730 1036 3769 vinum.
1059 3726 1104 3763 W

184 3787 237 3825 lcum
252 3792 272 3823 es
285 3786 385 3823 Pariorum
401 3784 486 3820 diceudo
501 3784 602 3821 'l'uiolium
618 3791 637 3821 et
652 3785 723 3822 Chium
738 3785 806 3823 viuum
822 3786 915 3823 coendia

127 3893 163 3939 llll)
195 3894 260 3927 lium·
276 3888 333 3923 '‘ld-¹
349 3890 437 3925 “tim
452 3894 501 3929 ‘ltu
516 3888 529 3924 i.
544 3902 561 3924 e.
576 3889 630 3925 nulle
646 3904 666 3926 rr
682 3891 700 3926 ei
716 3889 793 3933 iuliis,
815 3902 865 3939 quac
881 3897 1002 3938 eeqiruntur‚
1015 3890 1102 3939 nuptm

182 3948 296 3985 contundes.
334 3944 380 3989 lllll)
405 3944 489 3985 1¹'lnrre,
513 3944 525 3979 i.
545 3958 562 3980 e.
584 3952 624 3983 um
644 3947 748 3985 ubuum,
769 3960 819 3985 em.
854 3948 911 3984 Hm
930 3948 993 3987 „niu
1011 3948 1053 3987 fist·
1068 3948 1100 3993 μ

181 4016 240 4051 supro
256 4004 281 4039 ιιι
296 4014 315 4039 ιι.
330 4002 364 4039 88.
380 4000 487 4039 nominari.
1132 3990 1142 4003 ⁰
