2424 4506
102 44 189 161 ses
227 89 339 153 eura
355 87 560 164 conum
573 72 950 195 vimmacense,
966 96 1152 179 arsa-rer.

117 275 228 329 berum.
244 302 279 328 -ι-
312 279 374 337 479.
393 274 529 344 Cocytum
556 275 655 328 tluvim
671 277 835 331 inferorum.
869 280 907 332 Et
925 277 1021 332 aliter:
1040 276 1145 345 Cocytus

118 347 207 398 arnnis
223 346 297 419 apud
313 349 433 413 inieras,
449 362 481 398 ex
497 345 579 465 Styge
597 345 739 418 profluens
755 342 810 401 cirri
827 344 878 401 r'ir'r
894 345 1011 402 nemim
1028 350 1099 417 quod
1114 354 1145 399 ert

117 431 231 482 gemere
249 425 279 469 et
294 416 372 471 llere.
388 441 422 453 -
455 420 519 474 480.
558 427 623 483 rysr
641 418 720 484 palus
737 417 811 488 apud
826 418 942 473 inferos.
955 446 990 457 -·
1024 423 1084 475 463.
1102 416 1142 466 Tc-

43 548 47 553 *
118 488 253 552 rurisque,
269 488 288 536 i.
306 505 345 552 ε.,
362 483 455 536 tacuit
474 510 506 521 -
540 488 603 541 454.
625 483 724 547 Vento,
746 499 826 537 vento
847 504 900 554 pro
918 486 1038 541 adventu
1054 485 1141 553 signifi-

116 564 175 619 cat,
199 562 229 603 ut
244 554 280 605 rit
296 555 428 624 septimus
445 567 535 604 casus:
559 561 608 604 aut
624 568 705 605 vento
725 555 770 621 (G.
789 557 885 621 centu)
902 557 1021 608 verbum
1039 553 1139 625 gerundi

116 632 164 675 est.
198 622 272 674 Nam
289 623 407 690 intelligi
423 621 508 674 debet
524 622 650 673 adventu.
684 624 727 674 Fit
739 625 815 677 enim
832 626 952 692 gerundi
968 626 1025 677 sic:
1041 632 1135 677 venum

114 699 205 743 ventu.
239 694 300 764 lpse
323 693 391 745 alibi
414 694 454 754 (A.
474 698 523 755 11,
541 691 628 753 2303:
650 691 685 741 Et
702 710 797 759 pacem
814 693 947 755 Romano
972 695 1008 745 ab
1028 709 1087 761 rege
1100 710 1135 759 pc·

116 761 237 815 rendu'm.
272 760 392 829 Quidam
416 762 469 811 sic:
494 771 591 825 uento,
614 762 798 827 arrdieudum,
820 767 1036 828 consistentem,
1058 770 1086 811 ut
1104 768 1148 815 esi'

82 834 93 861 ”
112 830 179 882 illud
202 831 252 895 (Ε.
269 839 303 896 2,
320 829 390 894 26.):
415 828 485 879 Cum
510 830 653 894 placidum
677 834 768 882 ventis
793 843 879 884 sraraer
903 849 990 883 more.
1014 858 1049 869 -
1085 837 1131 889 502

9 934 15 947 .
114 898 274 962 Prummu
293 900 418 953 ultra-
452 902 514 956 508.
531 899 634 960 li'e'ria3
652 915 723 967 quae
740 901 776 952 rit
790 902 880 954 risina
895 901 986 953 astris.
1020 901 1131 968 Strymon

113 986 149 1020 au
162 984 209 1021 em
226 969 316 1025 amnis
333 977 383 1034 est,
398 966 497 1019 finiens
511 966 670 1032 Thraciam,
685 970 734 1022 sed
749 969 796 1021 hio
812 986 864 1040 pro
880 970 976 1023 Hebro
993 972 1097 1040 positus.
1106 994 1131 1005 -
1159 1012 1161 1017 .

114 1044 144 1095 51
167 1074 174 1091 .
199 1035 371 1101 Philomela,·
397 1036 520 1087 luscinia.
543 1062 577 1073 -
618 1038 679 1097 515.
703 1038 991 1105 Integrat;·'reuavat.
1015 1066 1048 1076 -
1084 1044 1129 1096 517·
1158 1082 1161 1107 ,

115 1107 241 1170 Tanais,
265 1107 378 1170 fluvius,
402 1104 450 1172 qui
473 1103 570 1156 dividit
584 1105 679 1157 Asiam
696 1107 733 1158 ah
749 1107 870 1176 Europa.¹
904 1108 955 1159 Est
977 1116 1070 1160 autem
1084 1105 1129 1174 Scy·
1157 1112 1161 1153 l

99 1177 196 1228 thiae.
214 1207 247 1217 -
283 1182 344 1234 520.
366 1174 499 1237 Cicones3
524 1189 593 1243 gens
609 1175 762 1241 Thraciae,
785 1194 802 1228 a
819 1178 924 1229 Cicone
940 1177 1070 1246 Apollinis
1087 1175 1129 1226 lilio
1156 1158 1161 1223 l

112 1246 195 1297 dicta:
236 1243 365 1314 Orpheus
387 1252 483 1296 autem
507 1244 725 1314 quoniam.post
748 1245 855 1297 obitum
880 1246 1031 1313 Eurydices
1053 1259 1129 1296 omnes

108 1316 230 1369 feminas
259 1312 388 1378 fastidiit,
417 1310 551 1364 translato
579 1312 610 1365 in
641 1328 742 1383 pueros
771 1330 884 1379 amore,
915 1315 1066 1386 discerptus
1093 1321 1129 1366 est·

56 1410 64 1426 ι
108 1387 211 1455 Asper,
226 1399 281 1450 quo
301 1398 430 1448 munere,
446 1381 483 1432 ob
500 1397 586 1448 quam
603 1397 682 1447 rem,
698 1383 755 1434 vult
769 1384 866 1453 accipi.
900 1383 996 1445 Potest
1011 1383 1129 1450 etsdprr·

109 1465 153 1504 tas
172 1470 226 1519 quo
246 1462 375 1517 munero,
390 1452 410 1505 i.
427 1468 452 1503 c.
468 1450 650 1503 matrimonii.
668 1482 702 1494 -
737 1458 798 1512 521·
815 1453 1020 1522 Nocturnaqrss
1038 1453 1128 1520 Orgia,-

107 1523 179 1591 quia
192 1537 271 1574 sacra
288 1522 348 1573 eius
365 1528 448 1572 nocte
471 1519 664 1572 celebrantru:
683 1535 719 1573 er
736 1534 791 1588 quo
808 1521 959 1590 Nyctelius
982 1522 1127 1591 est'cogm·
1152 1546 1155 1551 ·

107 1591 238 1644 minatus.
263 1616 298 1629 -
347 1596 409 1650 523·
435 1588 526 1654 caput
556 1607 574 1638 a
605 1593 711 1641 cervice
736 1591 914 1659 reuulsam.
933 1598 1039 1644 constat
1063 1594 1128 1657 calm

109 1661 216 1731 Orphei
231 1664 261 1713 in
278 1659 406 1711 Hebrum
423 1659 597 1728 proiectum,
613 1666 642 1709 et
658 1659 758 1710 fluctus
774 1659 805 1711 in
821 1659 948 1714 Lesbum
964 1661 1078 1713 insulam
1092 1658 1125 1711 de

49 1750 51 1755 ·
107 1731 208 1783 tulisse.
244 1729 353 1783 Hebrus
376 1735 472 1779 autem
495 1727 595 1783 fluvius
618 1727 649 1779 in
671 1727 792 1781 Thracia
815 1737 873 1796 est,
895 1729 945 1799 qui
970 1727 1126 1782 exsortibus

107 1801 257 1867 Rhodopes
274 1815 391 1851 manans
407 1795 561 1865 perlabitur
580 1795 626 1861 (G.
635 1796 750 1861 Rodope
768 1801 873 1850 montis
889 1799 1020 1866 proiah).
1050 1799 1126 1849 Dictat

107 1869 143 1921 ab
160 1868 254 1920 Hebro
271 1868 377 1920 Boreae
394 1869 497 1931 fratre,
514 1882 598 1934 quem
615 1882 690 1919 nunc
706 1867 864 1934 Oeagrium
883 1869 964 1933 dicit,
982 1869 1019 1920 ab
1035 1868 1125 1934 Oeagro

106 1952 174 2006 rega
192 1937 328 1988 Thraciae
346 1935 454 2005 Orphei
470 1942 556 2005 patre.
574 1961 608 1973 ——
644 1942 705 1994 535.
722 1935 871 2003 Napaear3
894 1952 1047 1989 nemorum
1065 1950 1126 2004 upr-

105 2007 182 2078 phas.
217 2001 319 2061 Ninus
343 2005 420 2056 enim
437 2003 539 2055 Graeci
562 2003 659 2055 dicunt
681 2020 804 2058 nemora.
838 2007 875 2057 Et
892 2006 1002 2075 faciles
1025 2006 1068 2058 hio
1086 2016 1125 2073 prs
1156 2056 1161 2069 ,

104 2074 261 2147 placabiles.
280 2104 312 2115 -
349 2080 410 2133 541.
429 2072 573 2139 Delubm3
592 2075 627 2124 ad
644 2074 757 2143 templa.
773 2101 808 2113 —
843 2080 905 2133 542.
923 2075 1044 2127 Demitre
1060 2089 1123 2125 eruo·

108 2161 180 2207 rem;
197 2144 215 2195 i.
233 2162 256 2195 e.
280 2143 404 2195 sacrilica
428 2143 521 2193 modo.
539 2169 574 2179 —
608 2146 669 2202 545.
688 2143 813 2212 Inferias
833 2144 1014 2211 Orphei;,ut
1034 2146 1123 2197 irarum

106 2214 289 2266 obliviscatur.
307 2241 340 2249 -
383 2211 632 2279 561.‘Euphrntes;
656 2212 779 2277 flumen,
802 2215 876 2279 quod
899 2214 996 2266 dividit
1017 2214 1123 2280 Mesopo·

105 2285 223 2336 samiam
247 2300 263 2333 a
281 2281 357 2349 Syria
375 2290 403 2333 et
426 2281 610 2348 Cappadocia.
629 2308 663 2319 -
697 2288 758 2339 552.
781 2282 917 2351 Affectnr5
944 2299 997 2350 pro
1019 2279 1122 2334 intendit

105 2355 142 2405 Ut
159 2353 231 2422 apud
248 2351 377 2402 Plautum
395 2350 463 2416 (Aul.
481 2359 513 2414 3,
531 2357 561 2415 6,
580 2352 648 2412 39.)τ
678 2350 713 2400 Ut
731 2369 772 2402 mc
789 2357 914 2418 deponas
932 2357 1001 2403 vino
1019 2369 1073 2403 ram
1087 2346 1121 2416 oj-

101 2425 194 2495 fecras
213 2423 297 2487 piam.
333 2421 368 2470 Et
384 2420 459 2485 apud
472 2421 636 2470 Terentium
654 2422 759 2488 (Heaut.
777 2431 810 2486 2,
828 2429 860 2485 3,
878 2421 946 2482 59.):
962 2420 1037 2472 Nam
1055 2419 1121 2470 disci·

105 2494 186 2561 plina
205 2503 245 2540 est
263 2490 366 2543 eisdem
385 2493 562 2540 munerarier
580 2491 717 2552 ancillas,
736 2493 786 2556 qui
803 2492 840 2540 ad
859 2492 993 2542 dominas
1010 2490 1122 2560 affectant

105 2567 192 2613 viam.
210 2586 243 2596 -
279 2568 339 2618 564·
358 2557 546 2625 Parthenope3
570 2558 697 2610 Lutatius
713 2559 820 2627 lib.‚1v.
838 2560 919 2624 dicit,
944 2557 1120 2613 Cumanosia·

105 2632 178 2682 colas
195 2647 212 2681 a
229 2629 389 2696 parentibus
408 2628 558 2694 digressos,
581 2629 775 2697 Parthenopen
793 2628 894 2680 urbem
911 2629 1073 2692 condidisse,
1090 2624 1119 2675 di*

104 2709 180 2750 ctam
198 2718 215 2750 a
231 2699 406 2766 Parthenope
423 2697 536 2760 Sirena,
562 2698 639 2747 cuius
656 2713 756 2766 corpus
782 2694 868 2749 etiam
884 2706 1032 2768 postquam
1047 2697 1078 2749 ob
1089 2694 1119 2745 lo·

104 2784 203 2819 eorum
222 2769 396 2832 ubertatem,
418 2765 672 2834 amoenitatemque
696 2766 786 2834 magis
803 2775 935 2836 coeptum
958 2767 995 2819 sit
1010 2770 1118 2834 frequen-

104 2840 172 2903 teri,
189 2837 288 2887 veritos
306 2856 342 2888 ne
359 2838 512 2904 Cymaeam
530 2835 705 2896 desererent,
725 2835 808 2887 inisse
826 2837 973 2888 consilium
989 2837 1118 2906 Parssrauo·
1159 2894 1161 2901 Ι

103 2905 1117 3046 aarruer·,ieta:e2{cristestesreserens
1159 2994 1161 2999 .

102 3042 268 3108 suscepisse,
285 3058 389 3094 nornen
405 3051 499 3094 autem
517 3042 635 3109 Neapoli
653 3043 689 3091 ob
706 3051 850 3094 recentem
866 3045 1065 3098 restitutionem
1077 3042 1114 3092 im·

101 3113 232 3182 posuisse.
248 3137 283 3147 ·-
325 3118 386 3171 565.
404 3113 575 3178 audaxque,
602 3111 715 3179 quidam
739 3113 836 3161 audax
880 3121 1012 3182 ropterca
1033 3115 1114 3166 diruo

101 3181 209 3244 volunt,
232 3178 306 3247 quod
328 3182 359 3232 in
377 3181 482 3232 duabus
506 3179 607 3246 eclogis
631 3196 702 3248 quae
726 3189 790 3231 sunt
812 3183 842 3232 in
860 3131 1010 3248 Eucalicis,
1032 3178 1115 3233 occure
1159 3226 1161 3231 .

101 3251 222 3301 invectus
239 3249 274 3297 sit
291 3248 321 3299 in
338 3252 491 3318 Augustum
507 3256 622 3320 propter
639 3264 730 3316 agros.
762 3250 813 3312 Et,
830 3254 959 3302 carmina
979 3247 1112 3316 lurida*
1158 3277 1161 3308 ε

100 3325 170 3369 rate.
204 3316 314 3384 (Tityre
339 3330 364 3370 re
380 3321 476 3387 patule
502 3335 556 3370 ccc.
572 3318 625 3368 rub
648 3330 669 3369 t.
683 3317 726 3386 f.;
751 3320 879 3386 primum
899 3321 1008 3375 librum
1023 3322 1112 3392 proptu·

100 3388 176 3440 hunc
192 3387 350 3455 significat.)
1154 3409 1155 3413 ¹
