2424 4506
208 248 211 253 ‘
257 263 477 389 m'nacu.
498 222 735 357 rucomv,
758 265 910 335 34-46.
960 224 963 239 ’
1038 269 1105 361 aaa

68 449 221 502 rivaretur
235 459 374 519 regno-et
390 448 525 521 iita„qui
543 449 631 504 altero
648 449 720 520 pede
741 449 817 502 nudo
835 449 862 502 ei
877 448 1043 503 aacrificanti
1059 464 1105 505 oce
1132 470 1136 487 ¹

68 519 207 585 misser,
230 520 307 571 rorte
323 520 391 573 vidit
407 522 535 572 Iasonem
551 520 627 573 nudo
644 521 716 588 pede
737 519 856 584 venisse,
874 518 922 586 qui
939 519 1006 570 dum
1023 520 1105 571 Iuno·

68 604 140 655 em,
164 594 387 641 transmutatam
412 590 441 641 in
460 605 527 641 anua
545 588 683 658 speciem,
708 587 823 640 eredens
845 587 994 640 mortalem
1011 596 1107 659 peten-

68 672 115 707 ω
132 673 188 727 per
204 657 311 710 vadum
326 658 452 712 fluminis
469 661 649 724 transferret,
663 657 789 726 ¹alteram
811 673 844 710 ex
866 656 962 725 caligia
983 657 1013 709 in
1036 657 1106 731 limo

68 725 204 778 amiserat.
243 727 334 793 Igitur
356 728 444 799 Peliae
467 734 595 779 metuent
619 743 650 777 or
674 725 812 793 responsis
837 727 911 790 fata,
939 726 1018 777 iussit
1040 741 1106 779 eum

68 794 181 847 Colclror
198 795 340 865 proficisci
357 797 392 849 ad
409 795 560 865 petendam
578 812 694 849 auream
717 795 819 864 pellem
836 795 1012 862 arietisyqui
1022 794 1107 847 Plui-

68 878 127 915 mm
144 871 174 916 et
189 863 294 917 Hellen
310 865 428 917 Colchos
444 865 616 936 pertulerat3
640 864 689 933 qui
712 863 849 915 fabricata
864 864 943 927 navi,
967 879 1052 931 quam
1069 863 1106 915 ab

68 932 136 1001 drgo
160 932 334 987 fabricatore
350 937 425 1003 Argo
448 933 611 1003 appellavit,
624 940 832 1000 -connactaque
854 931 995 984 iuventute
1020 932 1110 984 Grae·

68 1004 140 1068 nae,
156 1001 273 1072 Tiphyn
288 1001 387 1055 habuit
404 1001 630 1072 gubernatorem.
666 1001 738 1054 Sane
755 1001 870 1070 quidem
886 1003 959 1069 Argo
978 1020 995 1053 a
1012 999 1109 1054 celeri-

68 1074 121 1122 iete
138 1069 246 1122 dictam
263 1071 365 1135 volrmt,
382 1072 456 1124 unde
473 1086 552 1123 verso
568 1071 600 1123 in
616 1070 749 1121 Latinum
766 1071 850 1123 verbo
868 1082 986 1137 argutas
1003 1070 1108 1123 celerer

69 1136 129 1191 dici.
161 1138 238 1191 Socii
255 1154 320 1192 vero
336 1141 439 1193 laronis
456 1139 576 1210 Minyae
594 1139 724 1210 appellati
740 1147 812 1204 aunt,
828 1140 871 1195 vel
887 1140 923 1191 ab
941 1154 1009 1207 agro
1026 1139 1108 1191 huius

69 1207 187 1260 nominis
213 1207 385 1260 Colchorum
410 1211 496 1276 (Voce.
513 1209 652 1273 Iolear.)‚¹
666 1208 708 1261 rel
731 1209 807 1276 quod
826 1208 911 1260 multi
932 1224 964 1260 ex
987 1207 1110 1277 quadam
1162 1222 1169 1236 ·

70 1274 162 1346 Minya
178 1277 241 1330 nati
254 1277 346 1329 Iasoni
363 1294 392 1330 se
409 1278 609 1343 coniunxerint,
625 1276 668 1329 vel
681 1277 756 1346 quod
767 1277 864 1347 Minya
874 1277 966 1329 Iasoni
980 1274 1110 1329 materna

69 1346 126 1397 avia
142 1345 243 1398 fuerit:
267 1346 316 1414 qui
334 1354 429 1406 autem
451 1363 517 1399 cum
534 1347 631 1400 larona
647 1345 767 1416 proiecti
791 1348 860 1412 rint,
884 1346 959 1416 apud
975 1363 1037 1410 eos,
1061 1347 1110 1414 qui

71 1410 109 1467 da.
117 1413 222 1468 fabulis
236 1415 416 1487 scripserunt,
430 1415 538 1486 plenior
554 1413 699 1468 invenitrn.
715 1441 752 1453 -
785 1421 830 1474 35.
846 1414 957 1468 Heroas
965 1439 975 1480 ,-
993 1415 1109 1484 quidam

69 1488 177 1537 eterra
194 1482 286 1536 dictos
302 1483 410 1551 volunt,
433 1485 509 1552 quod
524 1491 602 1537 terra
625 1483 676 1554 ἔρα
693 1482 765 1534 dicta
782 1485 836 1550 rit.
855 1485 929 1537 unde
952 1485 1032 1536 initio
1050 1483 1110 1536 nati

70 1551 219 1604 creduntur
240 1551 385 1621 homiues,
406 1554 455 1622 qui
478 1571 582 1606 nomen
604 1571 623 1604 a
646 1559 738 1605 matre
764 1559 915 1607 traxerunt.
932 1562 966 1591 ὁ·
1009 1560 1053 1611 37.
1070 1552 1116 1604 Τι’

68 1617 168 1691 feeerit
190 1633 288 1684 aetam
320 1629 396 1674 aetae
424 1621 478 1674 hoo
507 1622 569 1674 loco
592 1622 709 1673 modum
730 1637 871 1675 annorum
894 1620 1046 1690 signifieat,
1080 1629 1111 1672 ut

73 1688 184 1758 (θεοῖς.
199 1686 234 1757 ’3,
250 1689 320 1752 61.):
337 1692 420 1741 Aetas
437 1689 581 1751 Lucinam
600 1692 744 1757 iustosque
762 1691 824 1757 poti
841 1689 1025 1756 hymenaeos:
1042 1707 1111 1742 nam

73 1757 205 1812 medidie».
228 1758 351 1819 Desinit
368 1771 432 1811 ante
451 1761 558 1825 decem,
574 1771 638 1828 past
655 1770 778 1826 quatuor
797 1761 900 1827 incipit
918 1777 1026 1825 annos,
1042 1759 1111 1811 alies
1168 1778 1174 1800 ι

74 1842 122 1897 pro
138 1834 270 1898 tempore
288 1829 393 1897 posita,
410 1836 441 1879 nt
458 1831 535 1898 (Aen.
553 1834 585 1894 1,
601 1828 688 1889 284·):
718 1827 814 1887 Venier
832 1829 933 1879 lustris
952 1829 1112 1879 labentibus
1197 1832 1202 1839 '

75 1896 167 1964 aetas]
184 1928 220 1940 -·
256 1897 401 1955 38.=Gedet
425 1909 451 1948 et
476 1900 535 1967 ipse
554 1899 629 1948 mari
646 1909 755 1963 πείσῃ·
779 1898 934 1948 necessario
940 1920 951 1960 ‚·
975 1897 1112 1964 siquidem

77 1963 175 2017 Omnis
187 1964 267 2035 feret
284 1962 382 2019 omnia
400 1968 500 2030 tellum
525 1966 663 2034 navigatio
686 1966 763 2018 enim
789 1983 822 2018 ex
838 1966 1017 2019 mercimonii
1040 1972 1113 2032 (ter-

76 2034 131 2097 rae)
153 2032 264 2089 ratione
288 2034 437 2089 descendit
473 2035 562 2104 [Sane
585 2047 679 2087 vector
694 2042 756 2087 tam
773 2034 796 2093 ie
814 2036 862 2104 qui
878 2035 1004 2102 vehitur,
1027 2052 1113 2104 quam
1139 2051 1142 2059 “

78 2102 121 2181 qni
143 2104 218 2156 vehit
240 2103 356 2171 dicitur,
377 2104 396 2157 i.
420 2123 444 2157 e.
469 2113 498 2157 et
520 2111 607 2158 nauta
631 2111 660 2157 et
681 2112 831 2157 mercator.
865 2103 992 2156 Mutabit
1009 2121 1114 2157 mercer

79 2187 137 2238 qma
160 2172 268 2242 antiqui
291 2189 337 2225 rer
359 2173 444 2226 rebus
464 2172 630 2238 mutabam]
646 2199 681 2212 -
720 2178 766 2230 42.
783 2172 882 2225 Discat
906 2175 1021 2224 mentiri
1044 2175 1114 2226 lana
1194 2193 1196 2198 ’

80 2241 195 2304 celarem
223 2256 289 2292 cum
307 2243 385 2294 enim
401 2240 533 2312 tingitur,
556 2241 693 2296 mentitur
710 2242 832 2294 alienum
850 2242 982 2296 colorem.
1000 2268 1035 2281 -
1068 2249 1115 2301 43.

81 2308 145 2376 [lpse
162 2311 212 2362 sed
230 2312 263 2362 in
280 2314 372 2378 pratis
389 2315 467 2363 arira
485 2320 550 2374 etc.;
571 2312 626 2364 hoc
649 2310 679 2363 in
702 2310 842 2362 honorem
865 2311 907 2364 vel
930 2311 1044 2364 laudem
1060 2313 1115 2366 Au-

82 2379 145 2445 gusti
160 2380 259 2441 refert,
293 2380 425 2432 Traditur
442 2381 519 2433 enim
535 2381 567 2434 in
582 2379 660 2433 libris
677 2380 873 2444 Etruscorum,
898 2380 922 2434 si
939 2381 992 2432 hoc
1010 2381 1115 2434 animal

76 2444 152 2499 niro'
163 2457 192 2500 et
208 2448 327 2517 insolito
337 2449 430 2503 colore
447 2448 534 2502 fuerit
549 2450 700 2514 infectum,
724 2449 851 2500 omnium
875 2466 974 2502 rerum
997 2450 1115 2503 felicita-

83 2523 133 2568 tem
153 2517 321 2587 imperatori
344 2519 482 2589 portendi.
516 2518 580 2584 Ipse
604 2525 698 2569 autem
715 2516 790 2585 quod
808 2518 925 2583 eddidit,
948 2534 1005 2583 non
1023 2526 1115 2573 vacatz

82 2602 140 2637 ram
162 2594 228 2637 aunt
245 2585 383 2656 qmedam
407 2588 590 2658 pronomine,
613 2602 684 2654 quae
709 2584 801 2638 addita
825 2587 985 2640 nominibus
1008 2588 1115 2657 iaciunt

82 2654 256 2722 dignitatem,
283 2662 329 2706 ut:
363 2658 422 2723 ipse
455 2657 536 2709 moda
561 2659 654 2708 Aenea
687 2667 713 2706 et
737 2654 855 2706 Turnus
881 2675 938 2723 ego.
988 2655 1059 2707 Sane
1084 2656 1115 2707 in

81 2722 183 2776 Numae
212 2723 320 2803 legibus
351 2734 465 2777 cautum
489 2733 544 2790 est,
573 2733 604 2776 ut
633 2723 657 2776 si
685 2724 746 2792 quis
777 2724 940 2794 imprudens
971 2726 1117 2777 occidisset

82 2790 247 2858 inmunem,
282 2809 333 2863 pro
366 2794 458 2864 capite
494 2793 577 2845 occisi
618 2800 647 2845 et
693 2793 764 2845 natis
806 2796 864 2845 eiua
912 2794 942 2846 in
984 2795 1113 2848 cautione

82 2863 192 2915 offerret
208 2862 339 2915 arietem.
370 2864 447 2928 Ergo
472 2863 518 2914 hic
545 2863 617 2915 bene
633 2860 740 2912 videtur
758 2861 841 2914 arieti
858 2862 1024 2930 dignitatem
1042 2862 1118 2930 dare,

81 2928 192 2984 dicendo
219 2932 295 2999 ipse,
319 2931 367 3002 qui
391 2932 497 2984 oblatus
522 2931 695 2986 homicidam
719 2930 839 2982 crimine
863 2928 1008 2984 homicidii
1033 2932 1119 2998 possit
1178 2968 1182 2975 -

80 3000 220 3052 exsolvere.
254 2999 488 3069 Iam,··signiiicat
505 3001 608 3067 moda]
627 3026 661 3039 -
695 3004 739 3056 44.
759 2998 886 3062 Murice3
904 3000 1016 3054 cochlea
1032 3000 1121 3072 [eimi-

80 3067 108 3123 li·
124 3067 299 3135 conchiliie,]
324 3071 397 3122 unde
419 3069 537 3137 tingitur
555 3085 688 3140 pnrpma.
722 3066 864 3134 Mazacae·
887 3068 992 3139 tinget,
1014 3069 1121 3124 inficiet

80 3154 126 3207 per
141 3145 284 3190 naturam.
317 3135 392 3190 Luta
412 3155 525 3202 eracea‚·
549 3138 644 3192 colore
660 3134 832 3202 rubicundo,
857 3146 885 3189 et
901 3145 942 3188 eet
959 3139 1121 3207 Hypallage,

80 3222 129 3278 pro
144 3222 229 3260 croco
252 3206 338 3259 luteo.
371 3208 445 3260 Nam
462 3223 578 3259 crocum
600 3206 668 3259 lutei
687 3204 785 3257 coloris
803 3213 852 3260 eet.
886 3206 964 3261 Unde
988 3217 1017 3261 et
1040 3210 1121 3260 alum

81 3277 161 3342 peliis
187 3274 263 3342 [alba
286 3292 338 3343 per
361 3273 511 3341 naturam]
527 3303 564 3316 ·-
597 3278 642 3332 45.
659 3274 792 3341 Sondyx,·
821 3276 910 3328 herla
935 3283 990 3342 eat,
1005 3277 1048 3329 ‘de
1066 3294 1128 3344 qua<

80 3344 241 3412 tandycinua
256 3343 375 3411 tingitur
391 3344 518 3396 colon-
552 3348 597 3404 46.
612 3342 711 3411 [Talia
730 3345 802 3394 secla
823 3347 886 3396 suis
904 3344 1039 3397 dixerunt
1056 3363 1121 3397 cur-

81 3412 130 3466 rite
141 3413 244 3482 fusis5
261 3412 331 3466 ordo
350 3421 405 3471 eat:
433 3414 512 3470 Talia
529 3413 620 3467 secula
638 3411 757 3476 currite,
773 3413 840 3466 fusis
857 3414 911 3465 suis
927 3415 1031 3469 Parcae
1050 3415 1124 3468 dixe·

77 3491 148 3534 runt
196 3481 324 3545 Currite3
353 3482 458 3536 volvite.
508 3481 609 3533 Melius
641 3488 684 3535 est
708 3483 813 3534 currite
842 3482 1040 3550 imperativum
1064 3501 1123 3536 erse
1195 3482 1199 3505 ¹

77 3552 209 3604 modum:
240 3557 271 3600 ut
294 3551 330 3603 sit
355 3568 462 3606 sensus:
492 3550 628 3604 Dixerunt'
649 3551 754 3602 Parcae
779 3554 946 3618 concordes,
971 3553 1027 3605 auis
1049 3552 1125 3617 fusis,

77 3621 138 3675 ie.
154 3619 412 3688 vaticinationibus,
437 3620 543 3675 currite
566 3619 634 3673 talia
657 3618 743 3672 secla:
768 3619 821 3673 hoo
848 3621 946 3675 ordina
973 3629 1003 3675 et·
1024 3629 1124 3677 eventu

103 3789 140 3841 ⁴³)
171 3794 211 3832 Pro
226 3795 321 3830 curatione
335 3792 362 3830 al.
377 3794 471 3837 comitio,
485 3807 501 3832 a.
517 3774 616 3833 iontione
646 3792 692 3831 Hoc
705 3792 778 3842 probat
792 3790 869 3835 Duker.

103 3872 141 3923 45)
172 3876 196 3913 lu
210 3874 245 3912 fin.
259 3873 328 3924 steph.
343 3880 364 3910 et
378 3874 404 3911 al.
420 3873 478 3912 add:
521 3887 553 3912 am
568 3876 669 3911 varanem
684 3872 753 3912 rustici
768 3873 845 3913 dicunt.

103 3952 141 4005 46)
173 3954 224 3992 rna
243 3944 265 3991 i.
284 3953 361 3992 volvite
381 3955 463 4004 stopie:
540 3969 572 3993 am
593 3955 665 3993 volunt
685 3957 775 3994 turritae
797 3954 836 3993 dici
858 3962 915 3993 valea
931 3954 991 4000 deri,
1011 3966 1063 4005 quae
1077 3953 1127 3993 iuria

163 4011 220 4056 ruia,
236 4010 250 4048 i.
265 4010 486 4058 exinanitionem,
507 4013 601 4050 ordinent
615 4019 686 4050 cuncta
701 4018 722 4048 οι
734 4010 853 4061 praedicant
866 4012 945 4058 futtuo,
967 4017 988 4051 ot
1001 4024 1045 4050 eno
1060 4011 1129 4050 Grae-

166 4081 213 4106 eura
229 4067 382 4110 nominativum
416 4071 502 4111 currite.
518 4069 588 4110 melina
604 4075 768 4112 morantate.
