2288 4514
873 123 883 146 X

60 310 105 332 ,,
151 258 196 327 oe
238 317 249 368 >
367 231 553 321 sssauvu
576 234 938 319 conuenientes.

151 440 206 494 cit:
228 434 304 491 Daci
320 438 371 504 qui
388 440 504 490 suntin
523 441 603 508 agris
622 442 673 508 qui
687 442 812 493 concilio
836 443 914 508 copti
931 455 1021 510 eunt,
1037 442 1094 498 'lios

121 512 128 523 ‘'
152 511 248 563 endem
267 512 424 563 ceremonia
443 525 571 575 moreque
589 511 722 576 conquiri
739 512 888 577 (coinquil
907 513 1092 579 coinquiril)

96 605 100 609 ·
153 584 233 647 rique
253 590 372 644 oportet,
397 588 428 626 ut
445 589 548 629 ceteros
573 579 652 630 lucos
670 581 720 645 qui
744 582 775 630 in
801 581 917 644 antiquo
938 599 1009 648 agro
1030 594 1097 632 sunt

56 699 60 713 ,
151 650 263 716 tiquam
282 663 383 718 agrum
400 645 556 697 Romanum
576 647 650 716 cogit
666 647 803 714 intelligi]
840 649 932 701 Tusco
953 650 1028 700 milii
1045 670 1097 719 pro.

152 719 249 778 amni3
267 715 414 783 Tyberino.
433 742 468 752 -
503 722 564 772 317.
581 714 699 783 Longus
718 720 749 767 in
768 733 915 781 occasum,·
941 729 974 771 ea
991 728 1072 786 parte
1088 737 1097 769 s

151 786 325 838 occidentem
348 783 483 846 tenditur,
504 783 627 851 longi0r;
652 785 753 852 [potuit
770 802 838 854 ergo
862 802 949 854 usque
968 789 1003 839 ad
1020 779 1097 838 Lauri

153 862 184 908 et
196 855 230 906 ad
243 854 368 904 Hostiam
381 850 477 916 tendi]
512 850 597 903 Fines
611 871 695 920 super
710 871 796 920 usque
810 853 945 917 Sicanos3
963 872 1050 924 usque
1066 855 1097 915 ad

152 923 287 986 Sicanos,
306 937 373 990 quos
392 919 475 979 Siculi
492 921 637 989 aliquando
655 930 818 988 tenuerunt,
840 923 861 974 i.
879 942 903 976 e.
921 939 1008 992 usqne
1028 926 1063 977 ad
1080 943 1097 977 a

151 991 183 1045 in
201 991 299 1060 quibus
315 1005 388 1040 nunc
401 988 493 1041 Roma
511 997 551 1040 est
592 991 667 1051 Haec
685 991 761 1043 enirn
774 991 856 1043 Siculi
872 992 1077 1054 habitaverunt.

150 1069 195 1114 ast
212 1065 256 1127 (8,
273 1057 360 1117 328.);
378 1057 412 1107 Et
428 1071 523 1126 gentes
545 1058 647 1109 Venere
664 1059 792 1111 Sicanae.
825 1060 878 1129 [Illi
895 1070 990 1114 autam
1007 1080 1025 1114 a
1042 1062 1097 1130 Lip

151 1129 225 1202 pulsi
248 1134 325 1190 sunt,
353 1127 471 1194 Ligures
496 1143 513 1176 a
536 1126 677 1194 Sacranis,
707 1127 821 1181 Sacrani
846 1129 881 1181 ab
906 1130 1097 1198 Aboriginibus

151 1204 217 1258 318.
234 1196 364 1246 Aurunci
386 1195 542 1263 Rutulique
567 1210 679 1262 seruist3
704 1197 833 1249 subaudis
858 1214 874 1249 a
897 1199 1086 1267 superioribus

64 1268 68 1287 ¹
151 1267 227 1320 Nam
245 1274 371 1334 etqsupra
389 1264 443 1335 ait:
465 1265 514 1315 Est
531 1265 601 1316 mihi
625 1266 753 1334 antiquus
778 1283 854 1334 ager.
888 1268 964 1333 Ergo
989 1285 1097 1320 struma

150 1335 313 1407 pollicetur,
337 1341 385 1384 aut
406 1349 491 1400 quem
512 1341 646 1400 tauquam
663 1336 872 1403 stipendiarium
889 1336 1034 1388 habebant
1050 1338 1097 1387 Rut

152 1402 289 1458 Aurunci:
307 1409 354 1453 aut
370 1402 502 1468 adquam
517 1402 664 1455 colendum
682 1405 759 1472 quasi
775 1404 951 1475 reginperto
965 1405 1076 1465 dabant.

61 1513 69 1530 ,
150 1471 324 1542 superfluum
341 1479 382 1522 est
399 1471 472 1537 quod
486 1471 525 1521 ait
536 1470 673 1538 Donatus,
690 1488 748 1523 non
765 1469 889 1541 potuisse
902 1468 979 1539 lieri,
996 1480 1026 1524 ut
1044 1489 1097 1541 pra

152 1542 249 1593 Turno
273 1555 339 1609 ager
364 1537 533 1590 Rutulorum
560 1558 577 1591 a
601 1541 702 1593 Latino
727 1542 876 1594 donaretur
899 1544 1019 1595 Aeneue.
1043 1568 1078 1580 -

153 1610 252 1663 Durat
270 1619 396 1661 exercent
414 1609 515 1672 callen
535 1618 662 1662 extenuat
679 1610 740 1676 agri
757 1610 906 1676 meritum,
924 1627 978 1680 quo
996 1609 1049 1662 vile
1066 1612 1097 1661 vis

151 1696 213 1735 esse
231 1679 304 1747 quod
321 1678 418 1742 donat,
441 1678 495 1744 [vel
518 1696 554 1730 ne
577 1684 660 1748 grave
678 1678 801 1731 videatur
817 1679 876 1745 his,
899 1680 999 1747 quibus
1023 1682 1097 1731 aufer

127 1762 129 1769 ’
149 1746 223 1812 est3]
247 1747 312 1798 hinc
330 1746 414 1798 etiam
430 1745 497 1798 illud
514 1754 568 1798 est:
592 1749 678 1816 Atque
691 1746 797 1799 luorum
815 1751 972 1816 asperrima
990 1765 1097 1815 pascua

93 1862 96 1870 ,
148 1834 249 1886 suipra:
268 1817 397 1867 Aurunci
414 1813 569 1881 Rutulique
581 1816 698 1885 ferunt:
722 1815 741 1867 i.
759 1835 782 1867 e.
800 1834 851 1869 neo
869 1818 960 1884 operis
978 1818 1032 1868 suis
1050 1834 1097 1868 exc

142 1888 326 1957 ··[Asperrima
345 1892 439 1936 autern
456 1897 593 1951 poscunt,
618 1885 731 1952 quidam
775 1901 807 1936 ro
825 1888 997 1951 asperrimos
1015 1899 1097 1954 porte⁴

104 1972 110 1981 “
151 1958 311 2023 asperrimo
324 1964 445 2019 pascunt
462 1955 533 2016 loca,
549 1953 637 2022 accipi
655 1901 814 2018 voluntljffl-
849 1960 910 2011 321.
929 1954 1015 2005 Cedat
1028 1959 1097 2005 ornis

149 2025 172 2078 i.
191 2043 230 2088 e.,
247 2024 276 2074 in
293 2021 565 2093 pretium'concedat
581 2022 776 2073 amicitiarum.
810 2022 859 2090 [Et
875 2023 948 2074 bono
966 2023 1049 2075 verbo
1069 2041 1097 2074 us

151 2093 315 2155 amicitiae,
331 2105 388 2140 non
406 2105 457 2155 pro
474 2090 612 2156 hostibus,
628 2091 682 2142 hoc
700 2098 755 2154 est,
771 2108 807 2141 ne
824 2091 902 2158 quasi
917 2092 1002 2142 victas
1019 2093 1097 2144 denir

150 2170 217 2221 322.
234 2161 344 2227 Aequos
362 2159 597 2229 dicamusleges5
617 2166 647 2209 ut
663 2159 724 2229 pari
741 2159 813 2210 inter
830 2174 879 2209 nos
891 2162 1024 2213 societate
1038 2177 1097 2213 vers

105 2232 108 2239 ’
149 2233 170 2285 i.
195 2249 236 2295 e.,
265 2237 296 2279 ut
319 2228 361 2298 ,sit
389 2237 492 2279 iseuter
516 2229 641 2281 inferiori
690 2227 841 2295 Sociosque
872 2230 904 2277 in
930 2247 1017 2295 regna
1043 2247 1097 2281 voc,

151 2315 220 2362 non„
233 2296 498 2368 stipendiarios,‘ut
521 2297 550 2348 in
576 2305 675 2365 quarto
694 2296 791 2362 (213.):
821 2295 926 2363 Cuique
945 2300 1002 2349 loci
1021 2299 1094 2365 leges

152 2386 225 2421 mus.
244 2382 279 2439 -f-
315 2371 374 2422 325.
395 2363 569 2435 Possuntque
586 2367 646 2418 solo
666 2366 805 2414 discedere
825 2378 936 2429 nostro,·
961 2366 1012 2416 scit
1029 2383 1077 2418 eos

38 2431 41 2437 ’
113 2479 117 2482 .
150 2447 195 2494 ter
213 2434 372 2488 adfftaliam
391 2436 502 2487 venisse,
537 2436 610 2487 Nam
628 2434 715 2486 audiit
732 2441 759 2485 et
776 2425 904 2484 a‘Fauno
922 2442 963 2500 (7,
981 2436 1048 2495 98.):
1072 2436 1096 2484 Ε

152 2508 267 2560 venient
280 2505 376 2571 generi
383 2521 390 2564 3
408 2512 436 2554 et
450 2504 485 2555 ab
498 2504 618 2555 Ilioneo:
633 2497 750 2571 (mil.)
767 2502 819 2551 Sed
834 2520 885 2552 nos
898 2503 965 2570 foto
983 2505 1065 2555 deam
1084 2524 1097 2553 s

12 2588 18 2597 ‘
79 2621 83 2627 .
152 2577 299 2642 exquirere
319 2585 420 2636 terror,
444 2572 628 2638 imperiisque
646 2588 723 2638 egere
747 2573 819 2621 suis.
854 2568 962 2622 Tamen
988 2582 1097 2641 propter

77 2672 80 2679 ·
143 2661 224 2700 ,tium
241 2642 352 2695 iimulat
368 2641 571 2708 ignorantiam,
594 2648 624 2690 ut
640 2639 773 2703 se'etiam
791 2639 865 2690 circa
889 2657 954 2691 eum
973 2657 1095 2709 aequum

153 2723 227 2767 stare
251 2712 384 2767 videatur.
418 2710 540 2760 Multum
566 2718 605 2761 est
629 2717 738 2771 autem,
761 2708 835 2775 quod
859 2709 898 2760 ait
914 2723 1041 2776 possunt.
1059 2736 1096 2750 ·-

163 2784 215 2835 Bis
234 2784 321 2832 denos
339 2780 411 2830 Italo
431 2791 558 2830 teramus
585 2780 680 2830 robore
706 2794 807 2840 noves,·
833 2779 976 2844 quaeritur
1001 2779 1074 2830 unde

151 2787 268 2908 lustinus
285 2849 381 2917 viginti
397 2864 480 2900 naves
497 2848 624 2900 habuisse
641 2849 768 2906 Aenean,
791 2846 838 2897 sed
855 2847 895 2897 ita
911 2847 1077 2911 absolvitur,

152 2921 354 2992 speculatione,
379 2918 470 2985 potuit
491 2933 606 2969 rumore
630 2930 811 2982 cognoscere,
834 2922 976 2985 postremo
1001 2923 1097 2967 entenu

144 2992 233 3054 'dixin
250 3005 320 3056 quse
338 2987 457 3056 amplius
472 2988 541 3039 solet
558 2984 717 3054 complecti,
735 2983 800 3050 quia
815 2982 848 3034 de
861 2984 958 3048 viginti
975 2985 1089 3036 navibus

152 3060 256 3138 perisse
279 3071 345 3107 cum
370 3056 489 3122 Oronte,
518 3056 560 3106 IV.
590 3055 618 3104 in
643 3052 767 3111 Siciliam
793 3061 991 3124 concrematas.
1034 3053 1097 3103 Ter,

153 3127 268 3200 quidam
291 3136 419 3174 texamus
444 3125 558 3192 proprie
583 3122 688 3172 dictum
711 3122 839 3184 tradunt,
864 3122 928 3188 quia
952 3121 1014 3173 loca
1038 3123 1068 3172 in
1092 3142 1097 3171 ι

152 3212 235 3252 ttaves
251 3193 335 3257 fiunt,
354 3193 461 3245 Graece
478 3190 630 3260 vaonq'quo,
656 3189 755 3240 Latine
774 3191 896 3239 textrino
915 3190 1053 3241 dicuntur.
1087 3191 1097 3240 l

153 3265 233 3320 dicit:
257 3262 333 3311 Idem
359 3277 475 3327 campus
500 3263 581 3313 halet
607 3260 760 3310 textrinum
786 3259 908 3309 novibus
934 3260 1038 3324 longis.
1079 3259 1097 3308 l

152 3334 230 3390 enim
247 3347 305 3382 -non
323 3346 380 3381 esse
397 3328 548 3399 ναυπήγια,
574 3331 623 3382 sed
640 3325 748 3394 νὲώρια.
767 3352 802 3364 ···
836 3335 899 3384 327.
919 3328 1061 3392 Complere
1080 3347 1096 3377 v

103 3408 106 3415 ’
151 3398 400 3475 propriaverbum
417 3403 574 3461 nauticum;
600 3416 666 3450 nem
685 3399 793 3448 Graece
809 3392 945 3465 πλήρωμα
963 3394 1084 3462 dicitur]

104 3506 107 3511 ·
154 3472 249 3526 omnis
274 3467 310 3516 ad
337 3469 441 3518 undam
461 3467 611 3533 Materies3
637 3468 700 3535 [hic
724 3468 830 3529 omnis,
853 3483 904 3534 pro
932 3484 965 3517 ea
983 3482 1055 3533 quae
1072 3481 1097 3515 st

152 3541 260 3595 Iterum
277 3543 419 3599 extenuat3
445 3537 494 3603 [ut
509 3536 567 3588 sine
585 3551 689 3603 niagno
707 3535 819 3602 negotio
843 3535 905 3586 iieri
921 3535 1063 3593 videatur;
1088 3552 1097 3585 e

76 3618 78 3625 ‘
152 3617 212 3660 tem
231 3608 360 3657 materies
378 3612 407 3657 et
425 3607 558 3668 materia,
581 3604 703 3671 lignum3
728 3603 801 3654 unde
820 3602 919 3655 Cicero
944 3603 972 3654 iu
992 3604 1046 3654 off.
1066 3608 1092 3667 (3

153 3676 266 3730 Domus
293 3674 364 3724 mole
391 3677 562 3724 materiatae.
610 3673 646 3724 Et
672 3674 816 3736 materies3
846 3673 959 3738 antique
982 3672 1097 3737 dictum

144 3744 304 3798 ¹materiam
327 3742 382 3796 dici
405 3743 508 3795 dehere
539 3741 620 3792 multi
643 3742 781 3794 adserunt.
804 3768 839 3779 ·-
887 3746 948 3797 328.
981 3740 1097 3791 Numeri

155 3813 338 3878 modumque3
373 3811 514 3878 eleganter
544 3818 612 3877 quot
637 3818 664 3862 et
688 3819 808 3879 quantae
839 3809 1038 3879 magnitudinis
1063 3811 1097 3861 sir

81 3904 86 3914 =
154 3885 219 3944 329.
234 3879 343 3933 Manus
349 3903 359 3943 ‚-
377 3879 513 3945 artifices]
549 3877 675 3931 Navalia
695 3881 811 3942 tlemus,⁸
832 3877 973 3945 [hocloco
990 3879 1065 3948 ipsae
1083 3897 1097 3930 r

155 3945 228 4003 ealce
245 3956 325 4014 sunt5
345 3949 364 4001 i.
382 3966 405 3999 e.
424 3949 485 4018 pix,
508 3964 589 4012 cera,
612 3949 706 4013 funes,
727 3948 785 3998 vela
803 3955 832 3998 et
848 3947 901 3998 alia
917 3947 1096 4012 huiusmodi]

156 4018 237 4071 aelio
253 4016 371 4069 dicimus
387 4016 448 4071 loce
465 4018 515 4073 ubi
529 4033 611 4073 naves
628 4025 701 4070 sunt.
714 4049 720 4057 ·
733 4015 786 4068 Sed
799 4013 883 4067 modo
896 4013 930 4068 de
945 4016 1057 4068 Graeco
1074 4024 1097 4068 tr
