2424 4506
196 346 200 359 Ι
232 285 269 327 n
290 262 857 340 v1aou.aucou11,s-17.
925 206 928 221 ¹
969 228 972 233 ’
1007 272 1073 357 eos

19 451 113 505 subito
136 449 234 523 dicta,
252 450 387 520 agrestia,
412 449 456 503 vel
477 449 643 504 insanientis
668 450 743 504 dicta
765 450 858 503 verba.
899 450 952 504 Vel
974 450 1072 504 incon·

21 522 94 587 dita,
118 521 140 573 i.
158 539 185 574 e.
208 521 412 591 inconscripta:
434 527 469 570 ut
482 519 624 575 Sallustius
640 521 671 573 in
688 521 867 589 Iugurthino:
891 521 926 571 At
944 522 990 571 illi
1008 524 1072 588 qui-

24 590 77 643 ius
98 584 194 641 oires'‘
206 592 326 641 aderant
351 607 431 640 ruere
450 592 546 640 cuncti
563 590 601 638 od
618 602 730 656 portas,
755 590 903 640 incondita
922 601 1020 642 tenere.
1037 615 1074 628 —

26 658 236 722 addentibus:
253 660 301 729 qui
318 674 445 711 amorem
463 658 490 709 ei
505 659 691 728 praestabant
727 659 870 722 lactabat,
886 658 905 709 i.
920 677 959 724 e.‚
975 660 1074 713 funde-
1126 706 1133 713 .

24 726 75 781 bat
96 728 252 780 incassum.
283 728 390 791 Inone)
413 743 481 795 prae
506 743 601 779 amore
624 728 696 779 nihil
712 727 766 779 sibi
782 743 949 795 procurans:
969 738 1094 799 contra*

28 798 176 851 absentem
197 795 350 863 [iuvenem]
370 795 543 864 loquebatur.
568 822 603 833 —-
646 802 675 854 6.
702 796 848 858 Crudelis:
878 795 1073 848 inexorabilis:

67 865 152 917 ‘non
168 864 290 918 flecteris
313 867 389 933 [meo
414 880 526 917 amore:
548 881 604 917 nec
622 872 652 918 te
675 857 841 932 pbtiuudum
864 865 991 936 praebes.
1023 866 1074 918 Vel

30 930 226 1005 edlnyopnwis:
258 933 384 986 Crudelis
402 934 504 985 Caesar
522 934 571 1002 qui
583 940 643 986 'non
661 933 794 1000 flecteris]
811 937 881 985 meis
899 934 1024 1003 scriptis,‘
1045 942 1075 986 et

10 1018 86 1057 'noa
109 1005 163 1057 das
184 1010 296 1071 ereptos
316 1018 408 1071 agros.
441 1004 540 1066 Alexi3
563 1003 581 1054 i.
599 1021 623 1054 e.
641 1003 751 1056 Caesar.
795 1003 875 1056 Mori
880 1026 890 1068 ,·
915 1020 982 1069 prae
1008 1019 1074 1054 con·

29 1081 157 1141 tempta:
179 1074 257 1152 [qma
274 1071 412 1140 opprimit
429 1087 480 1125 me
496 1078 558 1122 tuus
577 1088 673 1123 amor:
696 1071 752 1136 vel,
769 1074 836 1140 quia
853 1088 910 1124 non
927 1065 1074 1124 delectaris

30 1143 98 1195 meis
120 1141 321 1206 carmmibus.]
345 1166 379 1179 ·-
431 1147 459 1198 8.
480 1139 619 1208 Frigora3
649 1157 707 1193 non
731 1143 827 1212 aprica
848 1142 918 1192 loca.
968 1141 1073 1205 Aestu5
1128 1156 1130 1161 ·

29 1210 189 1265 aestiva.-
224 1215 252 1268 9.
266 1208 419 1275 Lucerem
442 1225 528 1278 gcnus
544 1211 687 1279 serpentis.
704 1237 740 1249 -·
775 1218 818 1267 10.
837 1210 981 1277 Thestylis
988 1233 997 1272 ,-
1014 1225 1073 1263 ,no-

29 1295 96 1333 men
115 1278 239 1331 rusticae
262 1280 401 1332 mulieris:
432 1294 504 1347 quae
528 1279 695 1330 messoribus
718 1286 797 1331 aestu
820 1281 943 1347 fatigatis
966 1279 1074 1332 diversa

30 1364 133 1419 genera
147 1347 304 1401 herbarum
321 1346 508 1412 contundens,
532 1346 752 1414 pulmentarium
768 1347 811 1398 his
829 1357 924 1419 parat:
949 1347 992 1398 vel
1007 1362 1074 1409 cons

31 1417 130 1471 sabina
147 1417 311 1485 Corydonis.
344 1417 394 1469 Vel
410 1415 564 1484 Thestylis,
576 1417 593 1467 i.
612 1435 651 1481 e.‚
674 1416 779 1481 fictilis,
802 1418 938 1468 rusticum
954 1432 1074 1468 nomen:

31 1494 62 1537 ut
75 1487 113 1538 ab
135 1501 172 1539 eo
193 1485 290 1555 [quod]
315 1493 403 1554 ponat
426 1486 522 1536 cibum
546 1486 663 1536 rusticis.
697 1484 808 1548 Fessis‚·
832 1487 888 1553 [vel
909 1483 1007 1537 labore
1030 1485 1074 1537 vel

32 1564 113 1609 aaut
146 1555 198 1607 Vel
209 1553 336 1623 fessis‚]
358 1556 377 1606 i.
396 1572 420 1607 e.
436 1554 621 1620 ferventibus,
645 1553 804 1606 vehementi
821 1556 922 1607 ardore
941 1554 1074 1621 fatigatis,

32 1624 203 1693 [sellaboris
220 1623 372 1689 instantia]
390 1649 424 1662 -
459 1629 503 1681 11.
520 1624 613 1687 Atlio,
638 1624 862 1690 serpyllumque;
890 1623 990 1675 herbas
1009 1624 1074 1674 cali-

34 1694 92 1756 das,
139 1709 194 1746 uae
218 1701 329 1744 aestum
352 1691 500 1760 repellunt.
546 1692 636 1757 Nam,
661 1700 692 1742 ut
716 1693 801 1743 ctiam
824 1693 927 1744 Plinius
954 1692 1020 1743 dicit
1042 1693 1073 1743 in

35 1760 154 1814 Nattua’
177 1761 317 1814 Historia:
350 1762 459 1812 Omnis·
481 1761 638 1827 medicina,
670 1773 720 1810 eut
745 1779 761 1810 a
788 1764 949 1826 contrario,
980 1772 1030 1810 aut
1054 1776 1073 1810 a

36 1832 121 1883 simili
132 1833 304 1910 ,quaepiam
329 1831 402 1882 unde
425 1829 512 1882 etiam
539 1831 613 1882 calor
638 1837 729 1900 potest
745 1839 792 1882 aut
809 1831 930 1899 frigore,
954 1837 1003 1879 aut
1018 1829 1072 1880 alio

36 1900 119 1953 calore
135 1899 247 1970 depelli.
280 1898 353 1950 Hinc
370 1907 411 1951 est
428 1898 503 1966 quod
519 1897 548 1949 in
567 1898 667 1950 ultima
684 1899 794 1966 ecloga,
818 1916 883 1950 cum
902 1906 1010 1950 amator
1028 1915 1073 1950 re·
1128 1956 1132 1965 ,

36 1969 155 2023 medium
173 1967 286 2038 quaerit
302 1968 414 2034 ardori,
436 1967 518 2033 dicit,
541 1984 570 2020 se
594 1967 701 2019 iturum
726 1977 774 2020 aut
797 1969 831 2019 ad
849 1968 1003 2036 Scythiam,
1026 1975 1074 2018 aut
1129 1968 1132 1973 ’

35 2038 67 2091 sd
86 2037 273 2108 Aethiopiam.
316 2037 353 2087 Ut
375 2042 443 2105 (10,
466 2038 542 2101 68.):
569 2037 736 2102 Aethiopum
764 2055 907 2088 versemus
932 2055 996 2088 oves
1020 2037 1072 2087 sub

36 2108 117 2159 sidere
134 2108 244 2157 cancri.
282 2105 421 2174 [Quarum
436 2105 586 2171 regionum
607 2107 697 2157 altera
714 2114 757 2159 ast
772 2107 968 2175 frigidissima,
986 2105 1074 2158 altera
1119 2140 1121 2147 ι

35 2176 133 2235 terrens
149 2171 265 2239 calore]
298 2178 369 2229 Sane
387 2175 534 2241 serpillum
552 2174 641 2224 herba
659 2183 708 2241 est,
728 2177 857 2243 [quaein
876 2177 984 2227 Gracco
1004 2175 1075 2244 aspi-

34 2245 168 2297 rationem
184 2242 302 2308 habet,]
327 2259 412 2312 quam
430 2244 531 2294 Graeci
549 2241 681 2311 ἕρπυλλον
699 2245 807 2296 dicunt:
833 2247 864 2296 iu
881 2245 975 2296 multis
996 2247 1073 2296 enim

34 2314 204 2379 nomnibus,
220 2329 292 2381 quae
308 2311 339 2363 in
357 2313 467 2364 Graeco
484 2312 683 2381 aspirationem
700 2313 816 2378 habent,
833 2329 882 2365 nos
900 2331 952 2382 pro
970 2314 1075 2384 aspira-

33 2382 102 2436 tione
118 2383 140 2433 S
159 2382 298 2450 ponimus.
338 2380 407 2432 lude
432 2388 474 2432 est
498 2382 572 2449 quod
596 2398 648 2448 pro
672 2381 809 2447 herpillo,
832 2385 996 2450 serpillum.-
1020 2400 1073 2452 pro

33 2449 73 2517 ἕξ,
96 2469 163 2521 ser:
186 2445 480 2529 pro=isteoi,.septem.
498 2466 534 2488 -’
569 2456 612 2507 12.
629 2451 664 2500 At
683 2468 789 2500 mecum
807 2460 876 2514 etc.;
902 2464 931 2501 at
948 2453 969 2502 si
988 2469 1038 2521 per
1056 2453 1075 2504 d

30 2520 125 2586 irunt,
151 2526 207 2573 erit
223 2518 412 2589 hyperbaton:
437 2527 468 2568 ut
484 2517 532 2570 sit:
557 2518 634 2570 Dum
651 2528 699 2570 tua
716 2516 803 2570 lustro
821 2521 949 2588 vestigia,
973 2522 1075 2574 adme

30 2590 140 2644 abrasa
156 2594 306 2654 resonant,
322 2604 389 2643 cum
405 2587 496 2638 raucis
514 2587 624 2639 cicadis.
660 2587 713 2640 Sed
730 2587 828 2640 melius
847 2597 895 2654 est,
912 2597 943 2639 ut
958 2589 993 2640 At
1010 2606 1075 2642 con·

30 2658 130 2711 iunctio
149 2657 200 2709 sit:
220 2657 305 2708 etita
321 2655 523 2724 intelligamus,
540 2657 675 2724 Thestylis
693 2658 794 2709 herbas
812 2660 890 2711 tritas
906 2658 1075 2710 messoribus

27 2736 131 2799 portat:
157 2740 258 2778 verum
282 2741 396 2777 mecum
413 2733 546 2776 resonant
562 2726 692 2792 arbusta,
721 2743 786 2777 cum
803 2728 896 2777 raucis
914 2728 1023 2778 cicadis.
1040 2748 1081 2764 -ν

28 2802 70 2855 14.
96 2797 209 2849 Tristes
236 2795 428 2861 Amaryllidis
454 2797 532 2858 iras‚·
564 2795 638 2846 bene
664 2796 741 2846 addit
772 2798 880 2860 tristes,
910 2796 1076 2864 plerumque

25 2867 116 2932 enim,
149 2871 182 2916 ut
204 2862 245 2914 ait
268 2863 429 2914 Terentius:
463 2866 624 2914 ornantium
650 2866 727 2929 irae,
759 2868 868 2915 ornaris
894 2867 1075 2932 reintegratio

26 2948 82 2987 est:
107 2942 141 2985 ut
160 2949 254 2984 veram
277 2932 351 2983 iram
369 2931 544 2997 ostenderet,
565 2950 620 2983 non
645 2932 740 2984 fictam
761 2932 855 2999 illam,
879 2951 950 3001 quae
973 2934 1079 3002 aliquid

26 2998 133 3073 'gratim
159 3001 438 3054 habere'consuevit.
480 3000 558 3053 Unde
576 3002 720 3052 Horatius:
748 3000 813 3053 Urit
837 3016 921 3070 grata
939 3006 1077 3071 protervi-

25 3086 77 3126 us,
94 3098 132 3111 -·
170 3076 213 3128 15.
230 3069 356 3136 Superba
368 3061 514 3138 fastidia,-
540 3087 573 3122 ex
596 3070 706 3120 fastidio
732 3074 810 3122 enim
833 3073 909 3124 venit
927 3073 1017 3124 omnis
1035 3089 1080 3124 su·
1165 3073 1172 3081 ”

23 3142 135 3211 perbis.
172 3138 277 3190 Nonne
291 3138 453 3189 Menalcam
463 3161 472 3202 ,·
490 3146 547 3190 tres
563 3137 665 3191 dicitur
682 3157 787 3194 amasse
805 3141 950 3208 Virgilius:
967 3142 1080 3194 Alexan-

25 3208 126 3277 dnim,
144 3224 233 3277 quem
250 3207 361 3259 donavit
379 3207 404 3260 ei
421 3206 525 3258 Pollio:
551 3212 580 3259 et
597 3207 733 3260 Cebetem
751 3226 887 3276 puerum,
911 3227 978 3262 cum
995 3212 1081 3275 Leria
1143 3236 1148 3243 ·

21 3279 134 3351 pirella,
154 3293 224 3345 quos
242 3276 437 3330 aMaeoenate
453 3276 555 3329 dicitur
573 3277 719 3346 accepisse.
756 3280 834 3330 Unde
853 3280 948 3331 volunt
966 3281 1081 3347 quidam

22 3364 75 3421 per
99 3346 290 3414 Amaryllida,
310 3345 443 3398 Leriam:
469 3362 520 3415 per
543 3346 720 3410 Menalcam,
744 3349 881 3401 Cebetem
903 3348 1029 3419 intelligi.
1046 3377 1083 3386 —-

23 3426 68 3476 17.
90 3416 117 3468 0
135 3414 273 3483 formose
295 3431 384 3480 puer,
410 3415 482 3466 bene
506 3414 574 3466 dicit
590 3415 716 3466 Donatus
741 3418 967 3487 suspendendum
992 3423 1031 3484 O,
1055 3426 1083 3471 et

21 3485 63 3539 sie
81 3483 251 3537 dicendum:
277 3482 412 3535 Formosa
430 3500 516 3549 puer:
542 3491 573 3534 ut
587 3483 792 3554 intelligamus,
809 3505 860 3557 per
876 3487 999 3540 ironiam
1017 3504 1084 3542 eum

21 3552 101 3608 aliud
118 3551 239 3606 vulsisse
263 3552 374 3613 dicere:
395 3552 444 3604 sed
468 3551 497 3603 in
523 3551 594 3604 haec
618 3553 717 3622 verba,
740 3573 777 3608 ne
794 3555 890 3610 Alexin
916 3555 1081 3626 offenderet,

48 3721 90 3775 ss)
119 3724 164 3764 Pro
178 3725 224 3763 irae
236 3725 259 3762 C.
274 3724 318 3770 ira,-
340 3721 387 3760 dein
401 3723 471 3773 steph.
485 3725 539 3763 Dan.
554 3725 580 3764 ι1.
595 3728 744 3780 redintegratio
758 3744 775 3766 s.
789 3731 827 3769 iot.
855 3729 878 3767 In
893 3740 954 3767 vorsu
968 3729 1019 3767 sior.
1034 3736 1080 3770 reret

110 3782 163 3822 hab.
178 3783 203 3818 V.
219 3793 239 3818 v.
253 3778 339 3819 Terent.
353 3780 407 3819 Ano.
422 3780 447 3826 3,
463 3780 489 3828 3,
504 3783 539 3822 23.
568 3786 619 3822 Hor.
634 3789 699 3825 Corus.
714 3787 740 3830 1,
755 3784 790 3826 19.

48 3862 89 3914 15)
119 3862 210 3902 Lm'um
225 3847 269 3898 esse
283 3861 379 3901 Alesiam
394 3862 489 3901 Plotium
510 3864 617 3903 assuotavit
632 3867 679 3902 Vos.
695 3867 741 3903 coli.
756 3867 835 3905 Donati
850 3865 900 3906 vite.
915 3887 940 3898 -ν
968 3866 1003 3906 hd
1017 3879 1037 3904 v.
1051 3865 1087 3907 16.
1154 3894 1156 3913 ,

108 3918 201 3959 Music.
216 3919 270 3958 banc
284 3917 365 3956 addidit
378 3925 458 3956 annot:
483 3920 584 3969 Quamvis
601 3921 637 3961 ills
652 3925 727 3975 niger,
743 3930 797 3971 ‹›tc.;
818 3923 872 3972 Quia
888 3925 962 3961 Caesar
976 3922 1086 3971 Romanos:

109 3974 219 4074 ,2⁸11me
239 3973 352 4028 Aegyptios
373 3975 457 4023 habuit,
481 3976 584 4017 Antonius
606 3978 662 4030 uigor
683 3979 759 4019 dicitur
785 3987 869 4033 propter
888 3979 1011 4031 Aegyptios,
1037 3992 1089 4043 ,μοι
