2424 4506
146 268 216 335 348
407 266 539 333 PROBI
561 266 931 343 'COMMENTARIUS

148 444 220 502 cum*
233 450 324 516 clara,
346 451 370 504 is
388 452 436 522 qui
453 453 560 506 vicisset
576 454 734 523 praemium
750 438 885 518 haberet,
908 454 986 523 quod
1005 455 1030 507 is
1047 452 1095 535 qui
1112 453 1184 504 victus

149 527 211 573 erat
227 521 397 574 contulisset.
432 523 675 593 Permissumque,
702 530 734 573 ut
756 514 825 574 inde
844 523 936 590 irent,
959 531 991 591 et
1017 523 1117 592 qmbus
1131 538 1182 573 cer·

148 598 290 655 taverant,
307 591 413 643 eisdem
430 592 483 644 illis
499 592 598 645 fausta'
608 590 810 646 ominarentur.
845 591 927 660 Quod
944 609 1036 659 genus
1051 589 1180 659 religionis

147 658 412 712 hodieconversum
429 663 516 713 estin
534 668 688 729 quaestum.
721 661 811 713 Iidem
833 669 897 712 suut
921 662 1016 726 enim,
1041 660 1090 730 qui
1104 662 1176 711 Buteo

105 768 109 781 .
147 728 229 781 listae
254 729 443 782 nominantur.
486 732 581 783 Tertia
608 731 702 801 opinio
726 730 762 783 ad
786 730 898 782 eosdem
925 731 1033 783 Siculas
1061 729 1175 799 pertinet,

148 798 196 849 sed
215 814 246 850 ex
269 799 323 850 alie
346 799 462 851 ratione.
498 801 571 852 Nam
590 798 700 853 Orestes
724 807 785 871 post
806 799 991 869 parricidium
1014 801 1122 863 fluens,
1139 813 1173 847 re·

147 875 247 937 sponso
264 868 369 933 didicit,
385 868 459 936 quod
477 868 629 939 deponeret
645 870 771 921 furorem
787 868 826 920 ita
844 868 966 925 demum,
984 870 1008 921 si
1025 871 1170 937 recuperata

147 951 244 989 sorore
259 937 404 1006 Iphigenia
421 937 581 991 ablueretur
604 937 702 1002 llario,
730 937 803 1006 quod
819 945 928 1005 septem
944 937 1108 990 fluminibus
1121 951 1168 986 eoa·

147 1006 320 1060 funderetur.
355 1007 412 1058 Diu
436 1017 544 1059 vexatus
563 1022 628 1057 cum
651 1006 820 1062 inTauriea
835 1005 1014 1076 Iphigeniam
1034 1004 1168 1074 repenset

148 1077 222 1129 veuit
237 1076 272 1128 ad
290 1076 358 1128 lines
369 1076 580 1147 Rheginorum3
597 1076 693 1145 ibique
708 1076 820 1128 invento
838 1077 955 1128 flumine
973 1078 1063 1129 elutus
1078 1071 1166 1131 unierit

146 1142 177 1199 in
195 1144 332 1210 Siciliam,
350 1153 379 1197 et
395 1147 470 1197 insuta
487 1145 646 1214 Syracusas,
663 1163 679 1196 a
696 1144 805 1203 somnio
822 1143 1165 1209 admonitus,.'simulscrsm

139 1215 231 1283 deae,
255 1216 329 1282 quod
345 1232 440 1267 secum
458 1214 492 1267 de
510 1215 630 1266 Taurica
645 1215 792 1267 advexerat
807 1215 912 1283 templo
936 1214 1027 1284 posito
1044 1227 1165 1265 constest-
1199 1246 1202 1265 t

146 1286 200 1347 vit3
224 1300 310 1352 quam
328 1284 474 1353 appellavit
490 1284 663 1351 Fascelitim,
687 1284 763 1352 quod
777 1283 1012 1352 lasce'lignoruin
1028 1279 1164 1335 tectumls

147 1353 270 1406 Taurica
286 1353 466 1408 simulacrum
485 1353 629 1406 extulisset.
663 1354 731 1405 Eius
749 1352 817 1413 deae
832 1352 1034 1405 nomenbrevi
1049 1349 1165 1421 approba·

61 1464 63 1471 .
146 1429 223 1488 tum,
245 1431 392 1494 propterea
410 1421 484 1491 quod
500 1422 621 1492 plauima
637 1439 739 1491 pecora
756 1423 869 1475 muneri
884 1422 1001 1491 quisque
1018 1418 1165 1473 conferebat
1199 1426 1202 1443 ¹

146 1491 225 1560 Quae
241 1508 308 1543 cunt
325 1493 586 1557 incrementassent,
609 1507 667 1544 non
683 1492 834 1543 defuerunt
850 1492 898 1560 qui
922 1492 1074 1560 gratuitam
1096 1495 1165 1541 cusu

145 1561 253 1614 diendis
271 1578 386 1632 operam
402 1561 581 1624 adhiberent3
598 1563 722 1613 contenti
738 1568 872 1630 tanquam
889 1562 1039 1619 constituta
1054 1556 1165 1613 meroe&

144 1631 224 1683 lactis
240 1630 284 1685 vel
299 1632 380 1685 casei.
413 1632 500 1683 Huius
517 1638 613 1682 eutem
629 1630 769 1695 fluminis,
792 1629 867 1699 apud
890 1630 965 1698 quod
989 1638 1117 1699 purgatus
1135 1631 1165 1679 ed
1200 1632 1202 1639 '

146 1699 267 1765 Orestes,
281 1702 370 1753 Varro
387 1700 518 1753 meminit
529 1701 723 1753 Humanarum
739 1700 772 1751 X.
790 1700 846 1753 sic:
861 1699 938 1751 quta
950 1699 1092 1769 Rhegium
1105 1692 1164 1749 nesti

145 1777 211 1821 sunt
232 1769 357 1822 continui
379 1778 501 1841 septem:
522 1766 700 1838 Latapadon,
724 1768 865 1838 Migorles,
890 1766 1164 1837 Eugyomstacteros,

145 1840 255 1904 Polme,
272 1840 418 1905 Meleissa,
440 1840 586 1907 Argeades.
620 1841 653 1890 ln
669 1837 713 1889 his
730 1855 747 1890 a
764 1840 861 1890 niatris
877 1854 947 1890 nece
963 1839 1099 1908 diciturp
1128 1850 1167 1904 gs,

145 1914 189 1958 tus
207 1908 333 1975 Orestes,
349 1909 443 1977 ibique
461 1910 509 1960 diu
525 1909 609 1960 luisse
625 1923 736 1974 ensem,
759 1916 788 1961 et
803 1908 840 1960 ab
858 1924 892 1960 eo
909 1908 1087 1961 aedificatum
1120 1902 1164 1975 pul·

143 1976 207 2029 linis
223 1979 376 2045 templum,
400 1979 478 2031 cuius
493 1978 554 2030 loco
572 1978 729 2046 Rheginos,
752 1994 824 2037 cum,
833 1977 957 2046 Delphos
977 1972 1164 2048 proficisceres·

144 2054 211 2112 tur,
236 2063 267 2099 re
292 2048 383 2101 divina
406 2049 495 2112 facta,
516 2048 642 2100 lauream
666 2047 816 2117 decerpere
835 2047 947 2111 solitos,
991 2062 1057 2097 uam
1077 2046 1164 2098 senat

145 2122 262 2168 seeum.”
296 2119 366 2170 item
385 2118 453 2171 Ceto
477 2117 508 2168 in
526 2117 688 2184 Originibus
711 2117 808 2169 tertio:
831 2115 955 2184 Rhegini
971 2064 1164 2168 hasnoniense

145 2193 244 2238 cantur
268 2186 301 2237 de
325 2187 409 2238 fluvio
435 2186 483 2254 qui
502 2187 694 2254 praeterfluit.
734 2186 764 2237 Id
789 2185 922 2256 oppidum
944 2186 1067 2237 Aurunci
1089 2182 1163 2254 prino

144 2258 341 2327 possederunt3
370 2257 434 2307 inde
459 2256 561 2306 Achaei
585 2257 672 2308 Troia
696 2256 812 2307 demum
834 2256 990 2307 redeuntes.
1029 2257 1068 2307 In.
1084 2267 1163 2305 eorum

96 2350 101 2367 ν
144 2336 213 2393 agro
230 2327 307 2377 tluvii
324 2333 388 2376 sunt
405 2342 464 2386 sex3
482 2327 615 2392 septimus
632 2325 700 2381 fines
716 2326 910 2395 Rheginorum
928 2332 1011 2393 atque
1029 2321 1163 2375 Taurinum

144 2398 314 2464 dispescens,
339 2395 422 2444 lluvio
440 2410 544 2446 nomen
562 2403 603 2446 est
619 2396 770 2446 Paccolico.
806 2387 935 2449 Oresteui
954 2410 1020 2444 cum
1036 2390 1162 2464 iphigenia

144 2475 173 2519 et
195 2465 294 2532 Pylade
318 2466 413 2515 dicunt
437 2471 596 2515 maternam
626 2482 725 2517 necem
748 2465 886 2533 expiatum
910 2464 1024 2515 venisse.
1063 2463 1097 2513 Et
1120 2475 1163 2512 non

143 2536 294 2603 longinqua
318 2534 456 2584 inemoria
479 2540 533 2597 est,
557 2550 623 2583 cum
647 2535 677 2585 iu
699 2534 800 2585 arbore
823 2550 918 2585 ensem
942 2532 1076 2595 viderint,
1095 2544 1162 2598 quem

145 2605 255 2656 Orestes
274 2604 369 2654 abiens
386 2603 529 2669 reliquisse
548 2604 673 2654 dicitur.’'
706 2603 845 2654 Faseelitis
863 2611 957 2661 etitem
975 2602 1082 2653 Dianae
1097 2596 1162 2650 Lusi-

143 2673 196 2725 lius
213 2690 323 2742 queque
340 2674 370 2723 in
388 2673 470 2723 tertio
483 2672 646 2741 satyrarum
659 2673 789 2723 meminit
805 2673 857 2724 sic:
875 2673 912 2722 Et
926 2688 1008 2741 saepe
1026 2669 1098 2738 quod
1112 2673 1162 2720 auls

144 2743 269 2810 Optasti,
291 2745 363 2794 freta
380 2743 527 2794 Messanae
552 2751 580 2792 et
603 2742 730 2809 Rhegina
744 2741 850 2793 uidebis
867 2742 998 2805 Moenia,
1020 2748 1081 2792 tum
1097 2738 1162 2804 Lips-

141 2829 188 2864 ras
211 2813 368 2864 Fascelinae
396 2812 502 2880 templa
524 2812 639 2863 Dianae.
663 2839 699 2848 —-
745 2811 868 2863 Carmen
894 2810 1059 2861 Bucolicum
1084 2807 1161 2875 legen

142 2883 248 2936 habere
266 2883 387 2945 videtur,
404 2882 445 2932 uti
461 2899 553 2934 versus
571 2882 628 2931 eius
647 2888 760 2949 quartus
797 2898 824 2932 es
841 2887 953 2948 partem
971 2878 1101 2930 orationis
1114 2875 1161 2927 lini-

142 2961 186 3017 at,
210 2953 284 3019 qnod
309 2951 474 3002 Theocritus
497 2950 648 3002 custodivit.
684 2951 758 3001 Nam
774 2901 904 3018 iirgilins
928 2949 957 3000 in
982 2948 1075 3016 primo
1097 2958 1160 2997 versu

141 3023 274 3087 attendit,
290 3028 453 3089 sequentem
470 3021 596 3088 protinus
613 3018 666 3070 alia
682 3021 775 3070 forma
791 3020 866 3070 fecit.
898 3018 1031 3070 Bucolica
1047 3011 1161 3069 Theocri-

141 3100 186 3142 tus
206 3092 314 3144 facilius
337 3089 443 3140 videtur
467 3090 578 3154 fecisse,
602 3088 734 3157 quoniam
753 3088 877 3140 Graecus
899 3103 993 3140 serisso
1017 3088 1056 3138 sic
1072 3084 1160 3136 videm

143 3160 256 3224 divisus,
279 3169 311 3210 ut
333 3159 415 3209 Doris
439 3159 584 3223 dialectos,
610 3172 664 3226 qua
687 3158 734 3209 ille
759 3158 883 3228 scripsit,
906 3156 1010 3208 rustica
1034 3155 1159 3209 habeatis.

143 3229 342 3299 Opportunum
366 3229 419 3278 suit
436 3243 505 3295 ergo
523 3228 549 3279 ei
567 3226 615 3295 qui
638 3235 760 3296 pastores
785 3226 938 3292 inferebat,
963 3245 997 3278 ea
1013 3225 1105 3294 lingua
1119 3220 1159 3272 dit·

141 3306 259 3368 putasse.
294 3297 411 3364 Virgilio
434 3306 511 3350 tanto
534 3298 640 3348 factum
658 3312 726 3362 opus
750 3297 857 3360 maius,
881 3303 986 3364 quanto
1009 3311 1067 3347 tusa
1082 3294 1160 3359 lingua

141 3370 256 3434 loquens
272 3383 368 3418 sensus
385 3367 507 3418 rusticos
518 3373 614 3436 aptare
631 3365 796 3430 elaboravit,
813 3365 872 3416 sine
888 3365 1104 3433 reprehensione
1117 3375 1160 3411 ser·

139 3436 239 3490 monis.
279 3434 348 3486 Sunt
371 3436 509 3501 quaedam
535 3434 663 3504 propria,
685 3434 797 3485 heroico
822 3434 940 3487 carmini
964 3434 1105 3498 sublimis,
1123 3424 1159 3479 sed

139 3504 267 3559 bucolico
285 3505 419 3566 hurnilia;
437 3521 508 3571 quae
525 3512 589 3571 apte
608 3503 727 3556 divisisse
745 3504 875 3571 Virgilius
892 3510 1003 3554 notatus
1021 3511 1070 3554 est.
1101 3500 1158 3551 Nm
1199 3544 1202 3557 ,

140 3592 206 3628 cum
223 3578 329 3626 Aeneas
346 3573 450 3624 Didoni
474 3575 577 3639 gratias
594 3581 704 3639 ageret,
728 3571 846 3642 eiusque
858 3589 902 3635 se,
927 3572 1062 3642 quamdiu
1077 3577 1159 3621 naurs

57 3652 60 3659 ⁴
140 3660 237 3701 rerum
254 3643 385 3707 stetisset,
402 3643 569 3693 memoriam
586 3643 748 3694 habiturum
766 3642 959 3706 confiteretur,
984 3643 1024 3692 sie
1041 3641 1081 3691 ait
1094 3641 1127 3706 (A.
1138 3641 1158 3697 l,

60 3708 64 3713 ¹
140 3714 225 3775 soti:
257 3714 289 3764 ln
312 3715 385 3764 freta
410 3711 476 3761 dum
499 3712 575 3763 fluvii
599 3720 650 3763 etc.
690 3710 735 3761 Sic
759 3719 787 3763 et
812 3713 923 3778 Tityrus
946 3728 1013 3762 eum
1038 3703 1157 3780 beneficiis

141 3784 256 3851 Augusti
284 3782 388 3849 gratias
419 3789 528 3855 ageret,
559 3798 656 3833 rerum
686 3789 801 3832 naturae
833 3781 1050 3848 perpetuitatem
1072 3784 1155 3849 panon

142 3852 357 3919 congruentibus
373 3853 497 3902 sensibus
514 3853 654 3914 tractavit,
670 3852 717 3900 sic,
727 3850 769 3915 (E.
789 3858 819 3914 1,
836 3851 903 3908 60.):
913 3898 916 3903 ,
926 3853 997 3902 Ante
1021 3851 1090 3904 leves
1104 3854 1154 3909 ergo

141 3929 288 3991 pascentur
313 3931 365 3974 etc.
412 3923 444 3973 ln
467 3921 521 3972 hoc
546 3920 632 3972 etiam
655 3919 780 3970 caruiine
804 3919 938 3986 quosdam
962 3936 1056 3972 versus
1076 3911 1168 3985 posuil'
1196 3918 1202 3969 l

142 3989 190 4058 qui
214 4000 325 4059 possent
347 3990 463 4042 heroico
484 3990 604 4043 carmini
629 3988 732 4056 aptari,
757 3995 787 4037 ut
811 3996 875 4040 sunt
899 3989 946 4053 (E.
970 4000 1002 4054 2,
1024 3987 1089 4049 453:
1109 3982 1151 4055 Huc
1199 4008 1202 4013 ·

142 4058 207 4111 ades
223 4065 275 4112 ete.
309 4060 345 4112 Et
368 4060 502 4130 quoniam
525 4058 698 4128 intelligebat
721 4057 864 4110 sublimius
885 4074 915 4110 se
932 4058 1044 4124 dixisse,
1066 4050 1152 4110 noviss·
1196 4076 1200 4129 ζ
