2424 4506
196 42 263 155 ros
462 52 602 145 servu
625 66 983 155 commutemus.
1001 42 1024 111 ἦ

88 332 91 341 Ι
151 279 153 285 ·
198 274 251 323 bns
270 271 364 337 aegris
370 292 380 334 ‚·
404 268 474 321 sicut
490 269 595 322 dictum
613 276 654 322 est
670 277 729 322 tem
765 278 842 322 ratae
860 286 891 322 ex
908 270 999 324 calido
1015 272 1134 336 medion

198 336 272 409 gistisx
285 338 413 389 extremis
430 338 546 389 circulis.
564 365 597 376 ·-
632 346 693 396 233.
734 359 763 390 er
781 341 894 402 ansbas3
919 354 985 392 cum
1002 342 1069 405 vitet
1086 349 1134 391 utra

195 417 399 479 temperatam,
427 410 485 477 ipsa
511 408 666 479 praeposito
692 407 743 460 Per
767 425 818 476 pro
843 411 918 463 inter
941 409 999 460 ecci
1019 410 1099 463 iendzs
1119 429 1130 460 e

198 488 260 537 239.
277 477 358 542 an3
384 492 434 542 per
452 474 556 543 quent]
573 504 606 512 —
648 481 710 532 240.
726 477 856 529 Mundus
883 490 912 527 ut
937 480 973 528 od
1010 478 1134 545 cythium¹

195 546 264 616 [hic]
282 546 405 597 delinitio
423 552 463 597 est
480 545 567 596 nostri
584 544 716 612 climatis,
738 547 757 598 i.
775 546 926 599 orostrae
941 546 1128 599 habitationis:

196 636 214 669 a
237 615 430 683 septentrione
459 612 607 682 incipiens,
637 617 666 665 in
691 616 809 667 Australi
832 614 932 668 desinit
954 617 1045 686 plaga.
1082 616 1134 685 ..un

195 692 289 737 etitem
307 700 399 746 arces,
422 681 560 749 Scythiam
578 683 657 734 dicit:
686 685 762 735 cuius
775 693 842 736 'sunt
858 682 968 736 nrdntes
984 685 1110 756 Riphaei.

196 755 273 807 niam
291 753 388 811 Borius
404 751 522 802 circulus
540 758 613 801 totus
635 768 722 819 sup-ra
735 762 840 803 terram
864 762 919 817 est,
942 753 1073 823 ideoque*
1086 754 1120 805 ab

197 823 243 875 hic
268 837 418 891 apparens,
440 819 486 870 illc
510 821 578 870 item
595 821 725 871 Australis
742 830 854 873 vocatur
879 823 1016 873 obscenus.
1052 822 1121 874 Sane

193 894 331 943 mundum
350 905 399 957 pro
413 887 490 941 coelo
505 888 644 958 accipiunt
657 890 710 941 hoc
724 890 792 955 loco,
809 889 1005 958 qui'rnnndnun
1018 907 1123 942 nornen

195 977 253 1013 esse
277 964 419 1010 universae
434 956 566 1010 naturae.
585 986 618 994 -
660 961 721 1014 llll.
743 958 895 1027 Consurgit
910 962 1061 1027 premitur3
1084 960 1133 1011 dee

194 1037 226 1080 ut
242 1029 278 1079 sit
294 1028 329 1079 ed
346 1026 483 1095 Scythiam
501 1026 651 1095 consurgit,
668 1027 713 1077 ita·
723 1029 859 1096 premitur
877 1030 906 1079 ih
922 1031 1042 1091 Austros,
1058 1030 1073 1059 *
1091 1028 1134 1078 Ρη

194 1106 292 1149 contra
309 1099 421 1149 devexus
439 1096 468 1147 in
486 1094 578 1149 Indos,
597 1104 627 1144 ut
648 1097 741 1157 fueret
758 1112 841 1167 supra
858 1099 945 1150 Altos.
980 1088 1091 1171 'Libyae
1109 1099 1134 1148 ds

194 1169 226 1217 in
245 1166 377 1229 Austros‚·
402 1162 533 1232 quoniam
551 1163 647 1215 Notius
671 1164 788 1216 circulus
812 1173 884 1216 totus
907 1166 982 1218 infra
1005 1174 1114 1217 terrum

192 1235 345 1305 premitur,
367 1232 445 1302 quasi
461 1231 633 1301 deprimitur.
670 1233 798 1299 Arduus3
823 1236 957 1299 excelsus,
983 1241 1010 1286 et
1035 1250 1134 1286 summi

192 1305 247 1355 tice
271 1300 411 1367 arctatus]
428 1327 462 1337 —
496 1306 558 1359 2lt2.
576 1300 632 1352 Hic
651 1314 743 1353 vertex
762 1304 844 1355 nobis
863 1321 982 1371 semper,
994 1304 1129 1354 sublimis

191 1372 261 1425 haec
278 1376 341 1442 par's
358 1370 455 1421 mundi
472 1384 490 1419 a
505 1371 585 1421 nobis
601 1376 711 1440 semper
727 1373 931 1441 videtur,1[hoc
948 1376 988 1423 ost'
1004 1370 1132 1440 Scythiae

186 1439 376 1510 'septentrioni
398 1437 540 1503 subiacet]
557 1466 592 1476 -
626 1446 687 1497 243.
706 1440 739 1489 As
757 1443 839 1491 illum
864 1443 917 1492 suh
934 1442 1055 1508 pedibus
1071 1441 1134 1508 Sty:

192 1511 282 1575 videt,-
299 1510 317 1560 i.
336 1525 375 1575 e.,
392 1524 471 1560 ouem
488 1507 599 1571 notion,
616 1508 637 1559 i.·
648 1527 689 1572 e.,
706 1508 870 1575 australem,
888 1511 936 1578 qui
952 1528 969 1560 a
986 1510 1068 1561 nobis
1085 1527 1134 1561 nur

191 1578 312 1631 videtur:
331 1578 401 1628 sicut
416 1578 536 1637 Boreus,
554 1577 570 1626 i.
586 1594 609 1627 e.
624 1574 859 1647 Septemtrionslis
876 1581 902 1647 [a
921 1577 1011 1642 nobis]
1029 1596 1135 1648 semper

191 1655 244 1698 tur.
281 1647 317 1699 Et
338 1647 409 1697 sicut
431 1648 522 1696 variae
546 1644 774 1715 philosophorum
798 1648 942 1715 opiniones
951 1678 958 1693 .·
968 1655 1046 1698 sunt:
1071 1648 1110 1699 ito
1133 1676 1134 1687 κ

189 1716 265 1768 varie
286 1715 417 1783 loquitur.
451 1715 525 1765 Nam
550 1713 597 1763 alii
614 1714 708 1765 dicunt
730 1733 747 1766 a
772 1717 851 1768 nobis
869 1716 1065 1768 abscedentem
1081 1717 1134 1767 sole

190 1784 227 1836 ad
244 1785 406 1855 Antipodas,
424 1783 471 1836 alii
487 1786 604 1849 negant,
622 1789 650 1833 et
667 1785 759 1834 volturt
774 1785 829 1836 illic
846 1786 975 1837 tenebras
992 1801 1051 1836 esse
1069 1799 1134 1853 perp

184 1853 262 1904 'Mire
280 1862 374 1904 autem
393 1852 431 1904 ait
449 1851 531 1922 [Styx]
548 1851 625 1920 qumi
642 1850 676 1902 dc
694 1852 803 1904 inferis:
827 1854 894 1922 Styx
915 1864 976 1903 otro
996 1855 1088 1903 videt.-
1117 1872 1134 1903 η

210 1940 242 1972 ne
258 1921 413 2042 profitendi,
436 1932 467 1972 ut
484 1921 641 1972 ostenderet
664 1920 730 1972 illud
748 1923 820 1991 quod
837 1924 934 1973 dicunt
950 1922 1127 1990 Philosophi,

140 2024 145 2033 -
189 1941 284 2043 dentes
323 1993 368 2041 ino
391 1990 499 2043 animas
516 1988 567 2057 [et]
584 1986 640 2039 illic
656 1989 709 2040 alia
727 2006 844 2060 corpora
861 1993 962 2042 sortiri,
997 1991 1076 2043 Unde
1093 2002 1123 2050 et

188 2077 240 2113 nus
262 2060 301 2110 ait
325 2065 368 2126 (Ι,
385 2060 472 2120 456.)τ
496 2058 579 2135 {legit
605 2058 677 2107 istem
703 2060 821 2124 spiritus
850 2072 930 2109 ortus
950 2061 1024 2111 Orbe
1045 2062 1112 2111 alio.

187 2128 416 2194 verisimilecst,
438 2128 502 2196 quie
521 2128 649 2177 dicuntur
673 2128 795 2193 animae,
820 2138 868 2180 aut
890 2128 964 2196 igni,
988 2137 1035 2178 aut
1060 2136 1134 2180 vento

187 2214 259 2265 aqua
284 2196 411 2267 purgari:
434 2196 508 2264 quod
532 2205 562 2244 ut
592 2195 640 2246 fiat
663 2212 774 2251 necesse
799 2208 854 2261 est,
877 2199 944 2249 dum
969 2207 1017 2250 aut
1042 2199 1134 2265 perir

186 2269 289 2336 plagas,
306 2274 353 2316 eut
368 2266 481 2333 igneam
499 2272 649 2315 transeunt.
684 2266 719 2315 Et
735 2266 800 2317 licet
816 2268 862 2319 alii
880 2268 932 2318 hoc
951 2285 968 2318 a
985 2267 1101 2334 Virgilio
1119 2267 1134 2317 d

185 2354 235 2407 per
254 2336 392 2404 poeticam
407 2333 548 2385 licentiam
566 2332 661 2385 velint:
685 2341 783 2388 tamen
804 2337 946 2387 sciendum
965 2342 1019 2398 est,
1047 2350 1113 2386 eum

185 2423 235 2456 cae
251 2404 379 2457 licentiae
397 2403 541 2456 inseruisse
558 2402 770 2471 philosophiam.
782 2430 817 2442 -
852 2411 913 2461 244.
932 2405 1080 2454 Atesim-m
1098 2421 1134 2453 an

185 2472 250 2541 [vel]
267 2473 331 2539 quia
347 2473 405 2541 ipse
423 2472 521 2523 ceteris
539 2481 579 2521 est
596 2471 700 2536 maior,
722 2472 775 2540 [vel
793 2473 856 2541 quin
875 2474 909 2522 nd
920 2472 1082 2540 Scythiam,
1099 2473 1134 2524 vej

184 2545 259 2596 iuter
276 2542 341 2591 duas
359 2549 457 2592 arctos.
492 2540 561 2591 Saue
578 2539 652 2589 hunc
669 2540 820 2592 draconem
839 2543 950 2609 quidam
969 2543 1108 2605 occisum,
1131 2565 1134 2589 t

184 2620 228 2662 ter
253 2610 343 2662 sidera
366 2611 539 2660 conlocatum
565 2626 581 2658 a
598 2607 723 2662 Minerva
749 2611 855 2660 dicunt:
881 2611 934 2661 Alii
956 2612 1031 2661 hunc
1057 2628 1115 2662 esse

184 2680 315 2730 Hercules
332 2679 532 2729 custodientem
556 2677 627 2726 mula
647 2694 731 2728 aurea
749 2680 932 2748 Hesperidum
951 2680 1060 2730 occidit.
1095 2677 1134 2728 Hi

182 2749 258 2814 illie]
277 2774 310 2784 -
345 2752 407 2804 245.
428 2748 539 2799 Circum
557 2764 656 2813 perque
676 2749 763 2810 duas,·
783 2759 811 2798 et
829 2752 933 2799 circum
953 2750 1030 2799 enim
1049 2755 1103 2811 est,
1121 2766 1134 2798 e

151 2832 154 2837 ·
182 2835 248 2872 narn
277 2816 324 2882 (et)
350 2833 400 2885 por
426 2826 572 2883 utramque
601 2816 718 2879 labitur,
748 2817 783 2883 [i.
810 2835 847 2879 e.,
878 2818 950 2867 inter
975 2815 1060 2881 dirus]
1084 2832 1134 2865 ma:

151 2918 154 2925 ·
182 2886 418 2952 caudatungens‚
444 2886 502 2935 alvo
521 2884 705 2952 complectens
723 2887 869 2937 minorem.
905 2887 938 2935 ln
958 2904 1063 2935 morem
1080 2886 1134 2953 flu

183 2967 292 3018 arctos;
312 2953 444 3004 Hesiodus
462 2950 577 3023 ποταμῷ
595 2953 682 3020 ῥέοντι
701 2949 802 3008 ἐοικώς.
823 2980 856 2990 -·
890 2961 951 3011 240.
972 2955 1082 3006 Oceani
1100 2974 1134 3003 nn

182 3037 222 3077 tes
241 3041 363 3087 aequora
382 3026 457 3089 tingi
464 3047 472 3089 3
497 3025 550 3074 hoc
568 3026 688 3074 refertur
705 3024 739 3075 nd
756 3023 892 3074 fabulam:
917 3025 989 3074 Nom
1007 3024 1061 3074 hae
1078 3023 1134 3073 dun

180 3093 246 3147 lices
263 3092 373 3142 lunonis
391 3094 472 3144 fuisse
491 3092 632 3144 dicuutur:
660 3108 725 3157 quns
749 3100 894 3163 postquem
912 3094 1034 3161 Iuppiter
1052 3093 1081 3143 in
1098 3093 1134 3142 sid

179 3160 286 3213 rettulit
309 3177 475 3226 numerum,
500 3163 568 3213 luno
593 3163 699 3232 rogavit
717 3160 819 3211 Tetlriu
843 3178 921 3210 susm
939 3161 1094 3224 nutricem,
1118 3179 1134 3210 u

180 3244 265 3298 quam
285 3247 329 3280 eas
347 3240 488 3296 pateretur
507 3231 640 3280 occidere.
675 3230 752 3280 Unde
775 3246 850 3279 nunc
877 3243 1028 3295 metuentes
1048 3229 1125 3289 dixit,

179 3306 224 3353 cet
239 3299 385 3367 nutricem·
398 3300 516 3349 lunonis.
551 3299 630 3365 [Sunt
648 3307 740 3349 autem
763 3298 816 3348 hac
835 3299 942 3363 Helice,
960 3307 987 3349 et
1004 3299 1134 3366 Cynosura

178 3366 274 3423 Helice
290 3364 424 3441 Lycaonis
448 3366 504 3423 fitia
522 3375 615 3421 arunte
633 3383 651 3417 a
666 3369 727 3422 Iove
746 3375 773 3419 et
791 3367 929 3420 elusione
952 3367 982 3419 in
999 3383 1097 3418 ursam
1115 3384 1134 3418 n

133 3559 136 3577 ¹
206 3562 258 3617 240)
287 3567 313 3605 G.
327 3565 416 3604 Mundus
431 3575 467 3611 pro
483 3562 538 3599 coclo
554 3564 660 3615 accipitur:
681 3579 727 3602 unm
742 3565 811 3603 mnndi
832 3564 910 3602 nomino
933 3574 1019 3615 quatuor
1041 3569 1134 3605 clcmcuts

265 3632 350 3668 nentur,
370 3621 537 3671 ‹preinndnndnrn
553 3621 634 3668 origitur
648 3625 733 3660 mundus
748 3623 768 3660 iu
782 3623 958 3671 septentrionalem
973 3627 1069 3673 phagum,
1088 3625 1117 3663 ita

263 3688 295 3718 tur
310 3681 329 3717 iu
344 3678 466 3718 Australem.
494 3678 537 3712 inm
552 3677 584 3713 hio
600 3686 636 3714 stc.
653 3714 657 3723 ,

123 3788 127 3793 .
206 3754 258 3807 242)
288 3761 313 3797 G.
335 3756 479 3807 Scptrmtrioua
495 3758 579 3799 Arctus,
602 3765 624 3796 ut
638 3760 712 3796 Aratus
728 3760 787 3804 dien,
808 3772 867 3810 qum
882 3761 994 3797 scrinulum
1012 3761 1074 3798 clirne
1095 3774 1132 3798 nos

264 3817 347 3855 arcticus
363 3815 448 3852 circulus
463 3821 531 3851 conns
548 3815 644 3851 orientem
659 3816 749 3860 invenit,
771 3824 790 3853 ct
811 3824 880 3854 contro
900 3817 994 3854 Arcticus
1015 3832 1081 3866 supra
1095 3833 1134 3857 uou

261 3873 294 3912 rit.
323 3879 444 3925 propropter
457 3878 535 3923 partem
549 3871 605 3910 tunm
620 3871 680 3911 cllcrn
694 3873 802 3922 Astrologii
818 3875 872 3912 nulla
887 3874 965 3923 pistura
979 3873 1099 3926 designant.

124 4134 382 4392 ’κ
