2288 4514
118 272 189 343 254
385 266 526 331 sasvn
547 264 912 361 cosmanrsasns

120 456 284 509 mortalibsu
299 454 449 521 indicaret,
472 455 578 507 ooeisus
595 464 636 509 est
659 475 675 510 a
698 456 823 510 rusticiu
847 457 898 527 qui
914 474 981 512 enm
994 458 1049 529 plns
1079 489 1091 498 „
1111 505 1112 508 ,

140 534 274 591 otasseirt,
296 525 427 579 inebriati
444 524 533 593 (codd.
552 526 691 589 debriati)
715 542 745 581 te
762 540 904 579 venenum
921 528 1049 597 ασοερίωι
1066 553 1074 568 u
1090 563 1094 566 -

119 545 234 658 derunt3
253 596 332 647 buius
349 596 425 647 cassis
443 602 483 647 est
497 609 622 645 reversus
634 597 669 647 ad
682 596 838 665 Erigonem
855 598 945 651 tiliam
961 580 1041 661 (eiu).
1072 599 1111 658 ⁸¹,

72 686 75 695 ·
120 682 186 715 cum
204 667 260 718 eins
278 666 410 717 comitata
427 664 539 729 vestigia
556 666 724 735 pervenisset
740 665 777 717 ad
800 666 891 732 patris
906 667 1031 729 cadaver,
1048 662 1090 731 hq

118 736 203 785 vitam
221 734 315 786 tinisit.
348 736 422 785 Haeo
435 734 553 784 deorum
565 733 703 785 voluntate
719 735 794 785 inter
809 742 887 787 astra
902 736 991 789 relata
1005 740 1047 799 est,
1064 759 1065 771 ¹

118 806 260 873 uirginem
284 812 389 854 vocant.
426 802 509 853 Canis
533 818 643 871 quoque
665 802 712 855 ille
734 810 777 855 est
799 802 876 855 inter
892 805 985 857 sidera
999 802 1090 855 collus

118 872 171 925 Sed
203 883 264 941 post
292 873 464 941 aliquantum
494 878 604 939 tempus
626 870 838 924 Atheniensibus
869 874 986 925 morbus
1012 888 1073 925 mu

119 950 161 994 est
183 943 257 993 talis.
284 950 314 991 ut
337 956 435 993 eorsun
459 940 579 1008 virgines
602 941 696 993 furore
720 942 845 1009 quodam
869 942 1083 1011 compelleretur

115 1010 263 1079 laqueum,
279 1009 474 1080 responditque
491 1010 643 1074 oraculum,
659 1010 748 1061 sedari
766 1026 846 1079 posse
861 1010 942 1063 illam
958 1030 993 1083 pe
1013 1035 1018 1053 ·
1055 1033 1090 1052 ¹¹·¹

117 1081 140 1131 si
159 1080 296 1149 Erigonis,
313 1088 343 1131 et
358 1082 428 1131 Ieeri
446 1078 579 1131 cadavera
592 1079 814 1148 requirerentur:
833 1095 905 1148 quae
923 1096 988 1133 rum
1003 1080 1045 1133 dia

115 1149 168 1201 rita
191 1166 326 1217 nusquam
356 1149 559 1212 invenirentur,
587 1149 622 1199 ad
646 1147 845 1201 ostendendam
868 1165 951 1203 suasu

116 1218 302 1283 Athenienses,
321 1226 350 1269 ut
367 1218 452 1271 etiam
470 1216 500 1267 in
518 1216 608 1268 alieno
625 1232 659 1268 ee
675 1228 812 1285 quaerere
829 1212 989 1271 viderentur
1004 1220 1060 1271 ele¹¹

115 1288 317 1355 suspenderunt
334 1288 368 1339 de
386 1286 531 1339 arboribus
548 1288 659 1338 funem:
683 1284 819 1353 adquam
837 1302 867 1339 se
884 1294 1008 1341 tenentes
1023 1288 1051 1339 b.
1079 1286 1085 1297 ’

115 1355 171 1409 hac
195 1364 277 1427 atque
299 1356 362 1407 illac
386 1354 576 1425 agitabantur,
601 1362 632 1405 ut
673 1354 732 1407 uasi
755 1356 842 1407 etiam
859 1371 911 1424 per
928 1362 1044 1415 asserus
1066 1379 1075 1396 ¹¹

115 1427 250 1478 cadavera
268 1442 402 1495 quaerere
418 1424 584 1477 viderentur.
617 1372 671 1476 sed
694 1438 759 1475 cum
784 1422 851 1477 inde
869 1424 996 1505 plerique
1010 1426 1094 1479 ndis

115 1496 259 1548 inventum
283 1503 340 1559 est,
363 1503 394 1545 ut
417 1496 521 1545 formas
545 1491 581 1544 ad
597 1492 653 1543 oris
675 1492 716 1543 sui
732 1492 945 1547 similitudinem
960 1498 1086 1559 ruerus,

114 1581 161 1617 aas
184 1580 235 1635 pro
259 1582 288 1615 se
312 1580 454 1633 suspensas
480 1569 632 1614 moverent.
669 1562 748 1613 Unde
770 1570 799 1615 et
817 1564 920 1615 oscilla
945 1564 1017 1617 diets
1031 1570 1085 1615 runt
1106 1557 1118 1588 ⁵

115 1650 164 1699 eo,
182 1632 255 1701 quod
272 1634 300 1683 in
317 1632 360 1683 his
378 1632 493 1697 (oribus)
511 1632 688 1694 niterentur,
711 1629 729 1681 i.
746 1648 771 1683 e.
788 1640 970 1685 moverentur
986 1648 1039 1685 ors.
1099 1667 1100 1672 ¹

115 1704 210 1754 cillere
234 1710 274 1751 est
298 1716 422 1753 movere:
447 1700 519 1752 unde
546 1707 575 1752 et
593 1699 735 1770 furcillae
759 1699 850 1753 dictae
875 1710 955 1767 sunt,
978 1702 1090 1785 piritu

112 1780 205 1823 menta
224 1770 359 1822 cillentur.
392 1770 443 1821 Alii
463 1768 570 1832 dicunt,
598 1769 699 1820 oscilla
718 1784 776 1821 esse
794 1771 926 1823 membra
942 1770 1028 1823 virilis
1042 1768 1071 1823 ds
1091 1783 1093 1810 ³

112 1841 190 1893 ribus
207 1842 294 1903 facta,
318 1855 388 1907 quse
404 1838 656 1908 suspendebantur,
680 1854 731 1909 per
754 1838 986 1893 intercolumnia:
1007 1840 1043 1893 in
1062 1846 1088 1891 ut

113 1926 146 1963 ea
171 1910 298 1961 homines
327 1907 445 1974 acceptis
471 1908 568 1958 clausis
600 1907 723 1976 personis
753 1906 959 1979 impingerent,
988 1918 1015 1961 et
1035 1925 1065 1961 ea
1088 1933 1096 1948 ¹

113 1980 255 2040 sisterent,
278 1978 297 2028 i.
323 1995 347 2028 e.
371 1983 514 2027 moverent
536 1975 571 2028 ed
592 1976 681 2027 risum
705 1974 805 2045 populo
829 1978 1061 2031 commovendum.
1098 1983 1106 2016 :¹

112 2049 166 2100 hoe
189 2048 219 2098 in
238 2046 351 2115 Orpheo
374 2045 479 2096 lentum
504 2052 552 2098 est
587 2044 816 2096 Prudentioribus
839 2054 938 2099 tamen
955 2046 1056 2117 sliudp
1083 2063 1114 2086 ·⁴

133 2116 161 2166 ui
179 2117 272 2166 dicunt
290 2131 367 2166 sacra
385 2114 481 2165 Liberi
497 2114 585 2181 patris
602 2113 637 2165 ad
654 2112 850 2184 purgationem
868 2116 981 2171 animae
995 2134 1027 2187 ps

111 2134 209 2237 dranis
226 2191 319 2235 autem
343 2183 470 2251 purgatio
487 2192 535 2234 aut
553 2198 603 2250 per
625 2200 641 2234 a
663 2197 727 2234 uam
750 2181 795 2246 fit,
818 2190 871 2235 aut·
890 2200 943 2255 per
963 2184 1062 2253 ignens,

146 2271 160 2304 r
178 2258 284 2305 aerem:
308 2252 379 2303 siout
396 2259 423 2303 et
439 2253 468 2303 in
487 2259 560 2302 sexto
578 2200 662 2318 (7413
680 2253 732 2303 ait:
757 2252 839 2303 Aliae
855 2255 1021 2319 panduntur
1034 2256 1089 2305 s'ss
1116 2269 1120 2276 ·

109 2272 267 2389 dispensae
292 2323 328 2371 od
346 2333 458 2385 uentos,
480 2321 550 2371 aliis
568 2321 620 2371 sul
639 2323 864 2388 gurgiteunsto,
888 2322 1024 2393 Insertum
1043 2332 1072 2387 (-¹
1114 2339 1116 2344 ’

107 2391 254 2453 infectum)
272 2394 378 2442 eluitur
396 2393 502 2442 scelus.-
521 2401 572 2439 out
588 2391 718 2441 exuritur
733 2390 804 2457 igni.
839 2390 877 2441 Ut
890 2408 966 2443 nuru
976 2408 1024 2463 per
1034 2392 1079 2443 sss'
1092 2405 1094 2414 ⁵
1116 2439 1117 2444 ,
1134 2395 1136 2403 ’

109 2477 196 2531 genus
214 2461 398 2528 purgationis,
420 2460 556 2527 [videlicet
573 2458 655 2525 aeris]
674 2460 747 2527 qnod
772 2466 813 2510 est
829 2461 984 2513 maximum
1004 2458 1110 2525 intelligi·-

107 2547 184 2581 mus:
209 2530 281 2580 Nam
304 2530 427 2599 primum
452 2535 493 2581 est
515 2545 617 2596 aquae,
639 2527 791 2579 secundum
816 2528 893 2596 [est]
916 2529 1002 2597 ignis,
1021 2526 1107 2593 tertiu·
1128 2526 1136 2557 ²

106 2600 187 2653 airis.
212 2624 245 2635 —
270 2604 348 2656 ·390.
373 2596 450 2646 Hine
475 2600 568 2648 omnis
596 2598 676 2665 largo
699 2598 828 2664 pubescit
852 2602 937 2649 vinea
954 2598 1044 2668 foetu·
1061 2596 1136 2665 pt!

106 2670 176 2722 haec
193 2685 272 2720 sacra
289 2666 436 2718 celebrata.
455 2692 485 2703 -
527 2672 588 2723 393·
607 2667 680 2735 Ergo
709 2669 761 2718 rite
784 2682 869 2718 suum
887 2668 995 2720 Bae-else
1011 2666 1112 2722 diunst'.

107 2739 257 2803 honorem,-
285 2737 356 2789 iuste
378 2736 463 2803 igitur
487 2733 582 2785 Liberi
606 2736 807 2787 celebrabimus
836 2752 924 2788 sacra.
964 2732 1136 2793 neuun-1

106 2809 263 2880 pulchrum.
285 2833 319 2843 —
361 2810 422 2862 394.
447 2803 631 2855 Carminibus
653 2808 773 2873 patriis,
798 2804 817 2857 i.
840 2823 863 2858 e.
887 2806 1012 2859 Romam
1039 2805 1044 2815 ”
1078 2866 1082 2873 Ι
1106 2802 1136 2876 ,³

105 2879 238 2946 pleraque
256 2877 331 2928 enim
347 2890 440 2939 sacra,
456 2890 507 2944 pro
524 2875 650 2941 gentiam
688 2874 815 2928 ualitate:
837 2875 971 2945 pleraque
986 2890 1027 2928 sec
1108 2898 1112 2908 ¹

106 2962 188 2997 saum
205 2946 290 2997 ritum
309 2944 444 2994 coluntur.
478 2944 550 2994 Nam
568 2892 780 3011 hymni‘inbero
799 2945 872 3025 apud
887 2944 1006 2997 Graecos
1017 2942 1098 3001 Grufl.
1127 2956 1136 3009 ᾗ

105 3013 181 3080 apud
197 3013 310 3064 Latinos
328 3012 426 3064 Latina
450 3027 516 3063 voce
540 3012 676 3063 dicuntur.
718 3013 821 3080 Hymni
845 3028 912 3065 vero
935 3012 1028 3066 matris
1042 3010 1099 3061 issu

104 3083 208 3148 ubique
234 3081 392 3152 propriam,
416 3081 434 3132 i.
458 3097 481 3134 e.
505 3080 643 3132 Graecam
668 3081 793 3149 linguam
816 3083 972 3150 requirunt.
994 3108 1025 3119 -
1060 3076 1100 3135 iii·

103 3150 195 3201 Stabit
212 3168 307 3214 sucer5
333 3150 460 3214 placebit
494 3149 572 3201 Tunc
591 3158 630 3201 est
647 3151 722 3202 enim
747 3158 844 3220 aptum
868 3152 1040 3213 sacrificium,
1056 3154 1099 3221 tt!
1134 3212 1136 3217 Ι

102 3219 259 3270 dedicatum
277 3218 381 3269 animal
404 3219 531 3271 victimae
555 3221 662 3288 patiens
685 3220 838 3283 invenitur3
864 3221 986 3274 undeet
1006 3215 1060 3271 aliti
1074 3224 1100 3265 ὓ

103 3288 143 3338 ait
167 3292 216 3355 (9,
233 3288 320 3351 627.):
346 3285 381 3335 Et
404 3298 526 3338 statuum
550 3298 616 3339 ante
641 3306 710 3340 aras
734 3301 839 3340 aurata
856 3290 958 3359 fronte
976 3291 1100 3355 iuuisse,
1132 3296 1135 3303 '

185 3504 237 3553 bus)
257 3505 339 3555 laqueos
359 3504 445 3554 pensiles
464 3506 552 3557 illigare,
570 3504 592 3544 iu
612 3505 684 3556 quibu
704 3518 725 3544 ss
744 3504 784 3544 hus
802 3505 852 3546 illue
871 3508 960 3556 ferrent,
986 3520 1032 3559 quos
1046 3505 1103 3555 istit·

186 3564 260 3602 osrs'llu
280 3570 409 3599 inserverunt.
437 3564 479 3601 ulii
499 3563 578 3607 dieunt,
598 3570 644 3612 pust
662 3570 746 3600 mortem
760 3563 830 3601 Latini
845 3565 907 3615 regis,
930 3565 1060 3617 {praestiterunt
1073 3568 1103 3599 ss!

187 3620 209 3658 in
225 3627 276 3657 terra
292 3626 312 3655 st
326 3618 345 3655 iu
360 3620 421 3663 mari,
437 3627 457 3656 at
471 3633 572 3670 uunquam
587 3621 660 3669 (nusq.)
675 3620 779 3659 inventum
795 3627 824 3659 est
839 3636 911 3672 eorpus
927 3625 981 3670 eiiu3
996 3618 1104 3673 quaesiverat
1133 3613 1136 3651 f

186 3691 232 3716 euru
252 3677 271 3713 iu
291 3679 348 3718 sere,
369 3681 389 3712 et
407 3676 534 3725 suspendisse
554 3676 595 3726 [se]
615 3677 686 3726 laqueo
701 3677 805 3717 inventurn
819 3686 857 3717 ess.
885 3680 940 3719 ilinc
954 3676 1104 3718 initiarentur
1134 3672 1136 3699 ²

184 3748 246 3785 genus
260 3733 336 3771 mortis.

127 3813 178 3863 395)
208 3816 233 3853 G.
254 3817 349 3855 Durius.
370 3811 426 3850 iuxta
446 3813 578 3861 aruspicinam
599 3816 653 3854 dicit.
683 3816 783 3865 Quoniam
803 3822 847 3855 tum
866 3816 918 3855 sun
938 3818 1031 3864 sintina,
1052 3808 1105 3865 W&
1134 3822 1136 3827 '

187 3873 303 3921 patientiam
324 3869 418 3918 pruebut.
438 3876 459 3905 ut
480 3870 519 3906 ulio
538 3873 595 3910 los-n:
616 3877 655 3911 u'u
675 3884 742 3913 tristem
764 3875 796 3922 (el
810 3876 914 3921 sonuum)
937 3884 984 3914 unte
998 3890 1042 3915 urus
1052 3873 1106 3910 eard*

179 3928 253 3977 sroule
267 3930 381 3965 susurrum.
410 3925 572 3976 Quotiescunque·
591 3930 612 3966 in
626 3931 708 3969 sudibus
729 3933 802 3968 devota
822 3930 876 3968 vicu
890 3932 989 3981 (victims)
1002 3926 1106 3981 reperitut‘¹

193 4000 205 4022 n
219 3986 224 4020 i
240 4010 246 4027 ,
266 3995 358 4031 magnum
378 3981 462 4019 exitium
481 3982 584 4033 siguificat.
597 4007 623 4017 -
650 3990 674 4026 ln
693 4000 754 4028 versu
767 3987 846 4027 Lucani
861 3990 886 4026 V.
904 4001 942 4040 pso
957 4004 996 4031 va
1009 3990 1050 4029 hb.
1061 3988 1106 4025 urst
