2288 4514
103 338 109 345 ,
141 240 146 249 “
186 210 406 325 ursacii.
429 260 592 349 oaouo.
613 266 651 336 4,
675 266 872 333 aot-467.
986 270 1051 347 aas

55 440 85 501 is
111 446 401 519 percuciensque
421 455 518 519 ropter
541 464 607 499 cum
633 428 726 500 taedio
742 445 931 519 praesentium
946 463 1052 517 rerum,

55 528 81 571 et
108 517 209 568 solum
232 524 339 569 vertere
346 555 354 582 ‚
411 526 527 587 epttmus
550 517 607 570 illic
629 533 712 585 super
735 535 814 570 mare
838 534 953 588 specum
975 518 1052 585 fecit,
1121 520 1132 561 ,¹-

72 602 172 655 quem
194 586 225 637 in
241 586 396 655 Aegyptum
420 603 590 639 commeasse
614 587 722 638 dicitur.
757 588 867 639 Pallene
890 594 985 639 autem
1008 594 1052 640 est

55 670 201 715 rsoiiesus
216 656 247 705 in
264 655 403 720 Thracia,¹
425 656 502 706 cuius
526 656 556 707 in
577 656 703 708 laticibus
722 657 832 709 Corone
850 655 894 724 (al.
912 656 990 717 Tor.)
1009 664 1051 708 est

55 720 161 791 idum,
186 722 223 774 ab
246 738 331 775 uxore
347 724 439 777 P-rotei
456 727 693 792 cognominatum.
709 753 746 763 -
780 730 841 783 392.
861 723 1050 777 Grandaevus

55 798 135 855 cun
153 788 267 844 Nereus
282 792 363 844 Ponti
380 801 409 845 et
425 794 530 844 Terrae
547 793 633 858 iilius,
650 794 716 844 deus
732 792 834 860 maris,
850 793 931 845 huius
950 802 978 847 et
994 793 1050 844 Do-

55 878 77 913 ιι
93 862 178 923 fiune
194 861 338 914 Nereides.
354 890 390 901 -
424 867 486 920 396.
504 862 629 931 Turper3
645 863 692 913 hic
709 870 814 915 truces:
832 871 876 913 ut:
897 863 952 915 Cui
970 875 1050 930 turpe
1135 916 1138 921 ,

55 938 119 989 uti·
143 928 188 983 vel
211 931 303 997 potius
326 932 464 983 eriortnes.
489 964 522 973 -
571 937 633 989 398.
658 930 822 999 Ρναιοιρια;
852 928 991 1001 responsa.
1016 959 1051 971 -
1131 928 1134 933 ’

55 998 279 1067 ‚Franguntur
303 1001 422 1064 inanes,·
447 1001 554 1051 circum
578 1000 662 1065 haec,
689 1003 842 1053 secundum
871 1001 954 1067 haec,
983 1001 1003 1052 i.
1026 1018 1051 1054 e.

55 1068 155 1139 equis
172 1068 297 1120 caruerit
310 1069 439 1120 omnibus
456 1070 527 1120 vitiis
545 1069 589 1136 (G.
604 1087 667 1119 cum
687 1088 715 1120 re
733 1074 840 1120 victum
858 1070 981 1133 viderit).
1014 1070 1053 1123 Et

55 1154 113 1191 nes
131 1138 212 1203 doli,
227 1151 286 1189 non
302 1138 369 1206 quia
384 1138 480 1190 inanes
497 1148 574 1203 sunt,
597 1139 646 1191 sed
663 1139 760 1191 inanes
777 1155 823 1191 eos
840 1139 939 1206 facies,
963 1139 985 1189 si
1003 1138 1052 1191 ιὰ·

55 1206 135 1261 ueris
158 1206 226 1259 vim.
242 1232 277 1245 -
311 1211 374 1263 404.
396 1208 430 1257 Sc
455 1209 567 1273 recipit,
591 1208 725 1259 Proteum
747 1209 821 1262 dicit.
837 1235 873 1246 -
907 1212 969 1266 406.
988 1208 1052 1275 Spe·

55 1288 80 1339 ’ς
104 1276 127 1328 i.
142 1294 183 1343 e.,
204 1276 297 1327 facies.
316 1300 350 1312 ·-
383 1280 446 1335 416.
470 1276 620 1340 Perdant,-
639 1278 720 1345 prius
742 1277 828 1328 unxit.
845 1303 880 1314 -
914 1282 978 1333 421.
995 1278 1052 1327 De·

55 1342 158 1397 'trusis
177 1345 263 1407 olim,-
283 1342 336 1414 'pro
355 1343 515 1413 aliquando:
541 1334 569 1398 e't
587 1345 781 1412 deprehensis,
803 1346 920 1397 verbum
938 1346 1052 1415 proprie
1102 1364 1106 1371 ¹

55 1414 170 1481 etcum,
197 1429 264 1465 cum
286 1421 459 1483 tempestate¹
476 1422 663 1483 occupantur,
692 1415 732 1465 sic
756 1414 823 1466 alibi
847 1417 894 1485 (Α.
920 1423 951 1480 5,
976 1415 1052 1477 52.):

55 1484 180 1545 [clicone
197 1483 274 1534 mari
291 1484 453 1550 deprensus.
471 1508 505 1522 -
539 1493 602 1542 425.
619 1483 732 1547 Sirius,
758 1484 883 1536 stellein
901 1499 950 1535 ore
967 1485 1051 1536 cauis.

55 1562 77 1601 s·
93 1552 204 1606 oriente
225 1553 340 1606 maximi
364 1552 468 1604 calores
492 1561 520 1604 et
544 1570 577 1605 ex
605 1552 648 1603 his
670 1569 767 1621 graves
795 1554 904 1605 morbi:
933 1552 1052 1621 ideoque

55 1634 120 1675 mse
136 1619 269 1673 omnibus
284 1621 362 1671 annis
385 1638 497 1673 sacrum
514 1621 667 1674 Canariam
690 1621 723 1672 fit
745 1638 797 1689 per
821 1622 947 1689 publicos
963 1639 1054 1673 sacer-

55 1702 97 1743 ΙΙ.
120 1716 157 1729 -·
198 1694 262 1751 426.
283 1690 420 1753 elidebam
441 1691 459 1742 i.
483 1710 522 1757 e.,
544 1690 674 1743 siccabat.
715 1690 845 1741 Medium
870 1692 963 1743 orbem
988 1691 1052 1743 ideo

55 1756 94 1826 tt,
110 1757 246 1828 quonism
262 1757 291 1811 in
309 1760 402 1811 medio
420 1761 524 1811 mundo
541 1768 618 1812 terra
635 1767 690 1823 est,
707 1767 736 1811 et
752 1760 782 1811 in
798 1760 853 1811 hnc
871 1760 961 1811 omnis
978 1774 1053 1829 equa

55 1842 98 1879 uu
114 1828 208 1881 sidere
224 1828 255 1878 in
272 1828 437 1879 elimentum
454 1829 585 1893 trahunt,
602 1828 724 1879 maxime
740 1829 897 1881 meridiano
914 1836 1054 1898 tempore,

55 1896 291 1949 »ardentissimus
315 1898 356 1949 sol
373 1905 422 1951 est.
438 1924 473 1936 -
506 1901 570 1955 427.
586 1895 746 1959 Hauserat,
769 1897 816 1948 hic
840 1914 891 1967 pro
915 1905 1053 1950 tenuerat.

61 1966 120 2019 ibit
136 1965 233 2019 Simul
248 1965 347 2017 hausit
363 1968 484 2018 deutera.
518 1966 571 2017 Alii
588 1968 642 2019 sic:
659 1967 743 2017 ordo:
761 1967 883 2019 Torrens
900 1966 993 2033 Syrius
1009 1968 1055 2018 In-

55 2048 62 2081 t
83 2034 210 2088 ardebat.
250 2034 354 2102 Syrius
377 2038 454 2089 enim
479 2052 496 2087 a
519 2035 608 2103 poetis
632 2035 683 2103 (et)
709 2050 760 2105 pro
784 2037 842 2091 sole
866 2037 993 2103 ponitur:
1017 2036 1059 2088 ab·

68 2120 104 2157 uo
119 2120 221 2157 eorum
237 2104 362 2156 canicula
378 2105 549 2172 intelligitur.
584 2103 746 2168 Hauserat5
764 2104 782 2156 i.
802 2124 839 2172 e.,
856 2106 1000 2159 invaserat.
1017 2132 1053 2147 -·
1123 2135 1132 2149 ι’

55 2118 76 2231 i,
96 2172 213 2243 Vesper,
228 2189 286 2224 non
307 2173 416 2240 Vesper,
432 2176 480 2225 sed
496 2180 620 2243 pastores
636 2183 765 2241 tempore
783 2175 844 2226 eius
861 2175 1005 2227 admoniti.
1018 2203 1054 2214 -

55 2248 74 2295 l.
89 2241 254 2311 Quoniam
279 2257 331 2309 pro
349 2251 510 2313 postquam,
533 2243 678 2294 Pacuvius:
706 2243 854 2311 Quoniam
880 2246 928 2295 ille
947 2246 1055 2310 interit,

55 2315 166 2379 perium
185 2311 282 2381 Calefo
301 2315 503 2365 transmissum
522 2323 569 2362 est.
587 2340 623 2349 —
655 2317 719 2371 443.
737 2313 885 2377 Fallacia,-
908 2314 1010 2381 legitur
1028 2322 1057 2367 et

55 2382 152 2450 ¹lucia,
176 2381 196 2433 i.
213 2400 237 2435 e.
255 2382 345 2433 fraus:
363 2389 408 2446 ut,
425 2383 544 2449 pellacis
564 2380 661 2446 Ulixi,
680 2383 728 2448 (et)
745 2382 892 2434 Lucretius
910 2387 952 2448 (2,
970 2385 1056 2444 569.);

55 2446 136 2505 idola
163 2466 227 2500 cum
255 2451 326 2503 ridet
349 2453 464 2517 penitus
487 2451 609 2518 pellacia
632 2454 722 2517 ponti.
748 2482 780 2499 -ε
826 2455 889 2509 445.
913 2451 1054 2517 Nostros,·

55 2520 97 2575 lo:
119 2519 266 2588 quisnam
283 2518 531 2583 confidentissime,
548 2534 601 2587 pro
619 2521 806 2571 audacissime.
843 2520 1054 2587 confidentiam

55 2604 88 2645 m
104 2596 211 2649 veteres
227 2588 280 2659 pio
297 2588 451 2655 impudenti
469 2589 584 2641 audacia
601 2589 730 2640 dicebant
747 2595 778 2638 ut
795 2590 942 2641 Terentius
956 2589 1054 2653 (Andr.

57 2668 92 2726 3,
110 2658 167 2720 5.):
193 2658 220 2711 0
239 2661 379 2727 ingentem
397 2658 617 2727 confidentium!
658 2658 808 2722 quenem,·
833 2659 999 2710 Aristaeum.
1018 2685 1053 2698 -

55 2727 132 2783 4.·γί
157 2728 293 2793 uerique,
317 2726 371 2777 hoc
393 2727 455 2779 loco
480 2725 550 2778 susci
570 2727 593 2779 it
615 2743 730 2789 numen.
755 2752 789 2763 ·-
830 2734 893 2784 452.
920 2727 1053 2783 Graviter

55 2799 164 2867 ndum
217 2797 320 2849 andem
339 2798 462 2848 sonitum
479 2744 608 2848 dentihus
624 2797 757 2860 reddens,
775 2802 804 2847 et
820 2795 985 2848 aliteri-hoc
1002 2806 1054 2865 est,

55 2876 95 2921 ua
113 2866 163 2931 (ad
195 2866 255 2930 ata)
272 2865 449 2933 proferenda.
468 2893 504 2929 -ς-
537 2869 600 2923 453.
616 2865 693 2917 Beue
709 2864 791 2930 dixit,
809 2882 867 2915 non
885 2878 910 2917 tc
928 2867 1050 2920 nullius.

55 2954 84 2989 ec
103 2934 182 2988 enim
198 2937 317 2987 strumina
332 2950 390 2989 non
407 2935 527 2986 humiles
550 2941 629 2997 sunt,
653 2934 701 2986 sed
728 2933 841 3001 magni,
864 2942 893 2985 et
914 2934 1053 3002 significet

55 3006 212 3079 iphonem:
235 3005 255 3057 i.
272 3022 297 3058 e.
320 3004 419 3060 mortis
443 3005 582 3059 ultricem.
622 3004 696 3055 Nam
717 3003 781 3054 ideo
806 3002 957 3072 Tisiphone
981 3004 1056 3069 dicta

55 3112 61 3140 ,
147 3073 171 3124 si
193 3073 303 3135 ulturse
326 3073 425 3124 mortis
447 3073 532 3137 ultio,
562 3086 634 3139 quae
658 3072 759 3124 dicitur
783 3071 894 3124 Graece
916 3072 1054 3142 sectaires

55 3164 61 3193 r
97 3149 102 3157 '
152 3142 213 3199 .G.
237 3142 435 3208 tisiuphonos).
468 3143 505 3193 Et
528 3140 615 3192 alitor.
650 3143 752 3210 Asper,
775 3159 834 3195 non
859 3143 987 3211 nullius,
1010 3146 1053 3199 in-

55 3224 83 3281 t,
99 3211 120 3269 i.
138 3228 177 3277 e.‚
191 3226 251 3263 non
265 3211 331 3265 levis
347 3210 483 3274 numinis3
498 3209 636 3276 significat
651 3218 746 3263 autem
763 3210 973 3280 Nympharum,
988 3230 1056 3281 non,

55 3282 176 3353 quidem
192 3282 301 3346 volunt,
323 3280 430 3348 Orphei
455 3281 590 3330 manium.
607 3305 641 3316 —
675 3282 739 3341 464.
755 3278 867 3347 Magna
892 3281 971 3346 lues‚·
992 3283 1011 3335 i.
1029 3302 1053 3337 e.

55 3366 151 3423 gnum
166 3350 261 3401 scelus.
283 3376 317 3387 —
351 3354 413 3408 459.
430 3348 609 3408 seruantem,-
634 3346 695 3412 hic,
719 3348 903 3401 obtinentem.
922 3376 957 3387 -
991 3357 1055 3410 452.

55 3437 166 3491 agaso,-
188 3419 327 3473 Thraciae
344 3426 462 3477 montes,
494 3416 583 3468 Rhesi
590 3440 600 3482 ,-
624 3416 736 3469 Rhesus
758 3417 815 3468 dux
832 3418 983 3471 Thracum.
1017 3422 1056 3473 Et

64 3487 216 3563 prolepsis.
248 3488 321 3556 Quia
337 3488 430 3540 Rheso
449 3486 578 3555 Orpheus
595 3486 736 3554 antiquior
752 3493 804 3540 est.
835 3488 941 3541 Idcirco
958 3496 1055 3542 autem

55 3561 136 3613 racia
153 3556 300 3611 Mavortia
324 3558 402 3609 tellus
418 3556 529 3608 dicitur.
563 3555 671 3607 Rhesus
689 3555 742 3606 dux
760 3555 918 3624 Thracuni,
941 3558 1007 3626 quia
1023 3558 1055 3611 iu

55 3628 147 3681 ieiune
163 3634 256 3679 terrae
272 3627 360 3678 Marti
376 3627 465 3681 cessit.
483 3650 518 3667 -·
559 3629 621 3687 463.
640 3623 755 3687 Actias}
779 3626 842 3678 ideo
867 3626 955 3692 dicta,
979 3627 1054 3695 quod

55 3696 188 3751 seniensis
210 3696 272 3750 suit.
306 3695 427 3775 Quidam
445 3694 540 3750 volunt
558 3696 669 3747 Atticen
706 3694 781 3748 rimo
799 3695 947 3751 vocitatam
964 3696 1054 3756 Actia·

55 3787 79 3834 ι,
95 3765 165 3836 quia
181 3764 217 3815 sit
231 3764 358 3821 litoralis,
373 3791 408 3802 -
442 3766 505 3821 464.
523 3763 663 3831 Orithyu3
682 3711 833 3817 Erechthei
850 3773 878 3816 et
894 3758 1055 3817 Fieriotelis

55 3833 212 3898 mithrae)
235 3834 306 3898 filia,
334 3834 370 3885 ab
393 3832 530 3903 Aquilone
552 3831 583 3885 iu
606 3833 758 3885 Thraciam
779 3841 860 3903 rapta
884 3832 1003 3893 Zethum
1028 3843 1056 3886 et

55 3906 113 3959 lein
129 3903 201 3956 filios
217 3903 311 3956 edidit·
328 3929 362 3940 -
397 3909 460 3959 467.
478 3901 658 3967 Taenarias,
684 3902 714 3954 in
735 3903 864 3955 Taenaro
882 3903 973 3967 enim,
989 3916 1055 3970 pro·
1118 3924 1121 3931 ¹

55 3971 156 4027 ›ntorio
178 3971 351 4038 Laconicae,
365 3970 585 4094 ¹ffemonstratur
615 3972 672 4029 alta
701 3972 840 4038 quaedam
869 3985 970 4037 vorago
1023 3989 1054 4024 er

55 4059 99 4099 un
122 4040 266 4096 emersisse
289 4043 364 4095 Herc
393 4055 423 4091 es
445 4039 482 4092 ab
504 4039 610 4092 inseris·
624 4039 741 4107 dicitur,
762 4054 828 4090 cum
851 4038 966 4092 duceret
1012 4058 1055 4093 er-
