2288 4514
115 269 166 345 ,ro
227 331 232 346 ,
379 270 523 375 sanun
544 266 902 345 conusuumms
967 352 970 365 y
1026 310 1030 317 ,

49 523 51 530 y
120 456 194 510 Nam
217 456 296 512 dolor
316 474 486 528 consequens
515 474 562 533 res
583 466 638 526 est,
666 474 725 512 non
755 458 932 541 principalis:
962 459 1067 514 andes

120 544 203 585 cause
227 528 313 580 etiam
328 529 387 599 ipse
403 529 498 581 statim
521 528 634 581 recedit.
670 529 741 583 Hiuc
759 530 813 594 ait,
836 533 957 598 quippe3
982 545 1045 582 nam

120 613 211 664 aqua,
233 597 380 650 inhaerens
396 597 488 650 laxare
505 605 638 667 coeperat
654 597 756 664 tolum,
801 597 856 650 uod
874 606 939 652 ante
956 598 1067 651 inferebr

119 664 217 719 loram.
234 693 269 704 -
302 670 366 725 423.
383 667 509 735 [lamque
527 679 621 736 secuto
641 616 896 731 manumqleniter
913 668 1045 720 tentantis
1060 682 1068 717 t

119 733 228 800 est.]·-
267 738 330 792 424.
357 736 392 785 In
416 738 557 804 pristino,
582 735 612 786 in
637 751 719 787 usum
744 735 878 806 priorem.
918 737 990 806 [Hoc
1007 745 1068 789 este

118 805 233 858 fuerunt
248 804 396 874 pristinae:
419 804 462 857 vel
479 822 567 856 nouae
585 819 719 872 magnae,
742 812 791 856 aut
808 798 906 858 mirae.
924 831 960 843 -
993 810 1050 864 425.

120 874 174 924 citt
189 884 332 941 properate
351 876 430 939 viro;
456 889 505 923 suo
530 889 610 925 more
634 874 755 926 ostendit
777 874 995 927 festinationem.
1028 877 1068 925 Am

120 943 197 997 duxit
219 942 380 1009 loquentem
403 959 488 1012 quam
512 942 680 1012 significaret
703 942 751 1012 qui
774 942 944 1011 loqueretur.
983 942 1059 1012 Atqui

117 1026 169 1062 nos
186 1025 337 1080 properare
344 1033 354 1075 ,·
368 1011 500 1075 festinare
519 1009 648 1077 dicimus,
674 1012 714 1064 ita
736 1014 794 1064 anti
815 1011 844 1062 ui
864 1026 917 1083 pro
936 1013 1004 1062 dore
1021 1011 1068 1064 ace

118 1078 272 1132 Sallustius:
295 1079 392 1131 Soleus
404 1081 601 1149 festinate-
635 1084 698 1138 427.
716 1079 782 1133 Non
797 1029 868 1131 irase
885 1079 1020 1132 humanis
1038 1096 1066 1148 op

117 1156 208 1221 potest
231 1146 372 1201 'subaudiri
396 1157 425 1202 et
447 1156 507 1201 arte
531 1147 674 1214 humana]
696 1173 732 1189 ·-
775 1153 839 1207 429.
864 1149 965 1202 Maior
987 1151 1068 1218 agit«

118 1217 215 1287 Apollo
232 1217 357 1284 [scilicet]
375 1219 500 1270 inventor
518 1218 690 1283 medicinae,
706 1219 772 1286 [hoc
789 1225 848 1284 est,
863 1218 916 1270 hoc
935 1218 993 1288 agit
1009 1217 1068 1270 insit

117 1291 179 1344 452.
198 1285 315 1337 Habilis
332 1288 416 1339 lateri
434 1289 548 1354 clypeus
555 1310 565 1352 ,-
583 1296 611 1339 ct
628 1287 673 1338 hic
691 1302 817 1357 expressa
833 1287 973 1339 festinatio
990 1296 1036 1340 est.
1065 1324 1069 1334 .

118 1354 204 1421 caque
223 1367 299 1422 tergo
319 1369 374 1416 est;
392 1372 478 1424 quere
495 1364 575 1424 tergo
592 1362 710 1421 tantum,
727 1372 792 1407 cum
809 1363 900 1408 totum
917 1357 1024 1410 ambiat
1037 1371 1069 1406 co,

76 1428 79 1437 '
116 1434 167 1476 aut
183 1424 248 1492 quia
264 1424 333 1476 latus
351 1425 446 1494 clypeo
464 1424 570 1477 dixerat
586 1431 709 1491 tectum,
733 1432 926 1545 augmentat
943 1423 1069 1494 tergum]

116 1497 249 1546 muniret.
279 1518 314 1530 -
372 1498 434 1551 434.
459 1493 628 1561 Summaque
654 1511 703 1560 per
726 1511 855 1562 gaeum,-
885 1494 1014 1547 decenter
1041 1510 1069 1562 go

116 1578 227 1632 quoque
251 1569 313 1613 tum
336 1562 455 1616 induisse
477 1560 639 1632 significat]
664 1590 698 1601 -
746 1567 809 1622 435.
836 1562 992 1631 Verumque
1014 1564 1069 1615 loto

118 1649 203 1701 quem
221 1648 272 1699 per
290 1649 336 1685 me
353 1633 413 1699 ipse
429 1632 545 1702 suscipio
563 1649 569 1684 :
586 1648 643 1686 non
666 1631 715 1702 qui
735 1648 768 1684 ex
784 1631 904 1684 aliorum
920 1635 1019 1685 virtute
1033 1632 1069 1684 im

114 1702 223 1754 toribus
241 1703 380 1753 consuevit
404 1701 512 1754 ascribi.
530 1726 565 1739 -
599 1705 661 1758 436.
678 1700 834 1752 Fortunam
859 1718 893 1751 ee
918 1703 1003 1761 atain
1024 1701 1069 1752 sub

115 1778 178 1822 mus
203 1782 276 1835 opta.
310 1771 407 1840 Neque
432 1771 510 1822 enim
534 1771 646 1823 fortuna
669 1769 792 1822 discitur.
832 1767 967 1838 [Quidam
989 1777 1069 1822 auten

112 1841 265 1894 tectionem
281 1847 395 1910 putant,
423 1846 451 1893 et
467 1840 561 1891 deesse
577 1837 671 1890 volunt
686 1851 745 1907 pete
762 1846 811 1890 aut
826 1840 930 1905 accipe.
964 1839 1017 1891 Alii
1030 1839 1069 1907 fig:

115 1909 225 1973 volunt,
242 1924 294 1976 pro
312 1908 379 1977 quid
396 1909 514 1960 fortuna·
526 1908 561 1959 sit
578 1922 609 1957 er
628 1907 687 1958 aliie
704 1908 793 1972 disce,
810 1922 875 1959 cum
893 1916 922 1960 et
938 1909 1012 1960 bona
1028 1916 1054 1960 et

113 1978 150 2030 eit
166 1978 299 2046 fortuna.
341 1977 414 2044 Quid
439 1977 528 2029 valeat
551 1976 603 2028 dea
619 1975 690 2028 haec
707 1992 739 2029 ex
757 1977 817 2035 aliis
834 1976 921 2030 disee:
945 1977 1002 2028 vult
1017 1976 1069 2029 enir

114 2046 172 2098 telli
194 2047 249 2098 ise
267 2046 379 2098 adversa
398 2044 511 2110 usum:]
535 2053 563 2098 et
580 2052 622 2096 est
640 2045 763 2114 Zeugma
779 2061 837 2096 non
853 2045 1002 2114 integrum.
1018 2070 1048 2084 -·

113 2063 283 2185 [Dednsum
303 2115 394 2176 dobit3
419 2130 468 2182 pro
495 2110 639 2183 defendet]
674 2114 750 2166 Inter
772 2117 917 2181 praemia,-
941 2118 1024 2184 [inter
1043 2127 1070 2162 re

114 2201 167 2252 pro
186 2186 223 2235 ad
240 2183 396 2253 ponebant:
412 2184 431 2234 i.
450 2182 485 2249 e]
503 2185 539 2235 ad
556 2182 692 2250 praemia.
727 2182 827 2236 Cicero
845 2183 935 2251 (Catil.
954 2191 984 2250 1,
1000 2183 1046 2243 4.):

112 2266 138 2306 te
162 2258 256 2322 priore
283 2264 361 2303 nocte
386 2255 497 2304 venisse
522 2255 597 2304 inter
619 2252 776 2319 (calcarias,
806 2251 825 2304 i.
849 2270 873 2304 e.
899 2252 935 2305 sd
958 2250 1070 2307 fulcario

112 2329 175 2381 438.
193 2322 311 2374 Maturo
329 2322 482 2374 adoleverit
501 2336 576 2373 oetas
585 2342 593 2386 ς
618 2320 800 2373 adolescendo
818 2329 929 2374 matura
946 2338 1004 2374 esse
1018 2333 1070 2372 coe

111 2418 147 2448 ·,-
181 2396 243 2448 439.
260 2389 318 2459 [Sis
337 2408 440 2442 memor
446 2413 455 2459 ‚·
473 2390 693 2443 subaudiendum
713 2407 837 2440 meorum
848 2390 1003 2459 sactorum.
1016 2414 1047 2427 -

112 2460 252 2524 antheus,
275 2458 507 2527 Mnestheusque,
531 2459 646 2512 servavit
662 2454 696 2511 so'
714 2463 827 2528 πρέπον.
861 2460 979 2513 Necesse
997 2458 1070 2513 enim

112 2539 156 2593 ut,
173 2529 316 2581 vulnerato
334 2529 419 2595 duce,
436 2529 517 2580 multi
533 2544 599 2579 cum
616 2543 649 2580 eo
666 2529 697 2580 in
714 2538 804 2581 castra
819 2528 999 2595 remearent]
1014 2555 1045 2565 -

111 2592 266 2661 Misenum
297 2598 381 2648 modo
404 2598 596 2649 contunditur:
625 2597 692 2649 alibi
716 2597 913 2667 perturbatum
936 2606 967 2650 ut
988 2596 1071 2665 (m

110 2669 213 2720 Miscet
231 2685 318 2735 agens
343 2669 406 2719 telis
425 2685 545 2735 ‚nemora
564 2669 639 2717 inter
658 2665 783 2736 frondea
802 2669 920 2719 turbam.
938 2694 973 2706 -
1011 2669 1066 2723 446

110 2755 174 2809 gere
194 2737 327 2804 Turnus,·
345 2738 402 2806 [hic
421 2753 521 2804 aggere
538 2734 602 2803 pro]
619 2736 770 2787 eminentia
788 2735 919 2811 [posuit,]
943 2736 978 2790 de
992 2737 1033 2787 ria
1047 2749 1071 2784 ι

111 2825 240 2876 aggerem
257 2823 313 2858 non
331 2822 474 2875 possumus
491 2806 599 2869 dicere,
623 2804 676 2856 nisi
700 2803 746 2872 [si]
763 2805 822 2857 viae
840 2820 974 2874 aggerem
991 2805 1068 2858 dicer

84 2880 87 2885 '
109 2877 257 2940 luerimus,
279 2876 298 2928 i.
317 2895 339 2929 e.
357 2874 609 2938 coacervationem,
634 2889 719 2941 quam
742 2874 868 2927 historici
891 2877 968 2926 uiam
993 2873 1067 2925 mitit

110 2945 219 2997 dicunt:
244 2952 274 2994 ut
299 2949 347 3010 (5,
366 2944 455 3006 273.):
484 2943 591 3009 Qualis
616 2958 696 3010 saepe
720 2945 784 2994 viae
803 2944 956 3010 deprensus
980 2945 1011 2996 in
1027 2936 1071 3009 (tl

109 3032 210 3082 aggere
228 3032 348 3080 serpens.
384 3012 514 3082 [Quidam
532 3010 744 3078 ambiguitatem
761 3004 869 3079 volunt,
886 3022 981 3065 utrum
999 3015 1052 3078 ipse

110 3101 166 3134 nus
194 3085 224 3132 in
251 3102 366 3150 aggere,
390 3101 427 3134 an
452 3086 593 3132 uenientes
617 3097 650 3128 ex
675 3098 784 3148 aggere.
801 3109 837 3120 -
878 3085 948 3151 448.
967 3082 1055 3135 Prima

110 3169 221 3216 omnes,-
240 3159 277 3201 =ut
302 3150 454 3218 (2,140.):
479 3149 592 3202 Primus
617 3150 659 3198 ibi
683 3161 747 3199 ante
773 3167 884 3215 omnes,·
910 3160 938 3204 et
961 3164 1024 3203 ante
1045 3163 1072 3200 os

109 3221 223 3273 Latinos
240 3220 329 3271 solum
347 3221 430 3271 audit.
447 3248 483 3258 -
517 3223 578 3275 449.
597 3217 774 3287 Tremesacto
794 3220 914 3288 refugit,-
933 3222 1072 3288 quaeritur,

108 3291 223 3343 Iuturna
237 3305 303 3339 cum
316 3289 362 3340 hic
376 3289 436 3340 acie
448 3292 462 3322 *
476 3288 589 3341 excedat
601 3294 749 3354 tempestas
764 3289 956 3354 (tremefacta),
975 3305 1036 3341 mor
1045 3294 1072 3338 ts

108 3359 247 3412 inducitur
266 3355 426 3421 revertens]
443 3385 478 3397 -
512 3364 574 3414 450.
591 3356 690 3407 Atrum
710 3360 785 3423 rapit
803 3376 902 3425 agmen
909 3382 918 3422 ς
936 3358 1072 3426 pulverisr

108 3438 285 3496 coopertum:
309 3426 434 3495 [quidam
458 3433 552 3479 autem
577 3443 677 3493 agmen
700 3425 755 3477 iter
780 3428 932 3494 accipiuut3
959 3432 1032 3494 rapit
1046 3441 1072 3478 aa

108 3498 234 3561 festinat,
257 3503 290 3545 ut
305 3496 352 3560 sit,
375 3494 423 3561 Ille
443 3511 542 3561 campo
564 3503 661 3561 aperto
684 3495 738 3546 iter
755 3497 866 3548 festinat
888 3495 1008 3564 pulveris
1022 3490 1072 3569 pler

109 3577 137 3619 et
160 3568 220 3636 ipsa
243 3563 419 3616 festinatione
444 3565 556 3629 excitat,
580 3572 608 3615 et
631 3565 669 3616 ita
693 3563 804 3630 dicunt,
828 3567 976 3632 quoniam,
997 3573 1019 3618 si
1042 3584 1072 3633 ag

108 3635 260 3689 exercitum
277 3633 357 3698 dicit,
374 3642 487 3699 apertus
503 3649 618 3701 campus
643 3649 774 3686 essenon
792 3634 881 3704 potuit
897 3634 1059 3688 bellatorum

108 3706 190 3756 sitate
214 3700 386 3769 completus]
404 3728 438 3738 -
479 3706 541 3759 451.
561 3703 685 3770 Abrupta
712 3703 816 3765 sidere,
839 3703 894 3771 [vel
916 3704 1065 3770 immensa,

107 3788 210 3842 magna
226 3779 403 3842 tempestate,
427 3773 487 3841 [per
506 3772 586 3820 sidus
605 3773 680 3822 enim
703 3779 853 3839 tempestas
874 3773 1053 3841 significatur]

108 3847 152 3909 (3,
174 3847 264 3905 422·):
288 3843 384 3892 Sorbet
410 3842 441 3890 in
466 3842 616 3907 abruptum
632 3842 752 3908 fluctus.
793 3843 864 3892 Item
888 3848 955 3909 (ll,
972 3845 1056 3906 259).-

107 3914 186 3963 triste
204 3911 352 3964 Minervae
369 3910 463 3961 Sidus.
483 3935 517 3947 -
562 3915 624 3966 452.
642 3911 668 3958 It
686 3928 762 3960 enare
786 3929 835 3977 per
853 3913 992 3962 medium:
1017 3916 1073 3965 mis·

106 3981 205 4033 Statius
222 3981 328 4050 planius
346 3980 390 4046 (al.
407 3980 489 4047 plen.)
506 3979 541 4031 do
558 3978 611 4030 hoc
629 3995 709 4031 sensu
726 3979 830 4046 (Theb.
848 3986 898 4047 11,
919 3984 1004 4046 117.):
1031 3983 1073 4052 Β(

107 4067 161 4101 suo
180 4051 284 4100 damna
303 4051 413 4114 coloni,
437 4049 471 4101 Et
495 4061 588 4100 tamen
609 4066 755 4116 oppressos
780 4051 953 4103 misereantur
977 4055 1009 4104 irs
1026 4071 1073 4118 oso
