2424 4506
158 310 224 374 362
422 303 553 367 enom
576 304 932 369 COMMENTARIUS

159 464 239 543 nobis
255 486 343 543 rideri
359 490 457 561 possit,
479 498 508 543 et
523 490 587 544 ideo
602 489 677 543 inira
698 489 876 557 horizontem
892 482 1033 545 deseendit.
1059 471 1157 542 lleritu¹

159 568 269 627 autem,
293 558 342 631 qui
367 560 465 611 delinit
487 562 634 630 sphaeram
658 562 850 630 superiorem,
893 562 922 613 ui
941 570 969 613 et
984 562 1053 611 idem
1068 564 1144 611 anottt
1177 590 1185 625 :-

158 628 342 683 disterminat.
389 630 464 681 Haec
489 646 601 699 queque
624 630 828 699 praesumenda
849 580 1050 695 irilrabirabilia
1068 632 1146 697 propit!
1178 629 1205 685 ”.’,

159 698 281 769 rigores,
304 714 373 767 qnos
397 698 521 768 patiatur
543 714 654 749 neeesse
678 705 734 765 est,
756 700 892 769 quoniam
914 698 998 769 louge
1019 702 1150 767 segregatu-

158 768 288 821 Cirr-ulus
306 776 400 819 antem
423 767 566 833 zodiacus,
589 766 638 837 qui
661 766 737 819 loxos
760 768 934 838 appellatur,
958 786 1008 839 per
1029 776 1081 819 tres
1098 778 1151 817 wutt
1199 807 1205 827 =

159 838 267 891 medius
283 838 387 901 fertur,
408 854 460 915 per
478 853 563 917 quem
578 837 620 905 sol
638 836 735 889 currit
769 838 813 901 Sip
838 854 906 907 ergo
924 838 1056 909 qnoniam
1071 830 1152 889 arieli

158 925 218 961 rnas
235 922 292 957 non
310 916 436 975 paruerat
458 908 495 959 fri
518 908 589 973 'das,
614 900 752 975 relinquit
774 906 898 959 mediam
919 924 1034 969 sonam3
1056 902 1154 971 quonian
1196 964 1199 969 Ι

157 992 239 1047 saepe
257 984 370 1040 onerat,
392 975 489 1044 ignem
497 924 580 1027 iacit.
615 974 704 1027 Huius
721 991 806 1027 zonae
829 974 1004 1029 mentionem
1019 976 1084 1028 facit
1095 966 1156 1035 Virri

157 1044 212 1097 lius
235 1050 285 1109 (7,
303 1054 357 1101 222
375 1045 458 1113 sqq),
483 1060 549 1095 cum
572 1044 657 1095 vellet
680 1061 712 1095 ex
735 1045 829 1096 verbis
845 1043 945 1097 Ilionei
963 1044 1074 1097 Latinos
1089 1040 1158 1095 couit·

157 1111 245 1180 mari,
267 1112 412 1167 neminem
429 1130 488 1165 esse
510 1113 542 1165 in
559 1114 627 1165 orbe
642 1122 716 1178 toto,
741 1113 790 1181 qui
814 1114 973 1181 igrrmaret,
995 1106 1159 1185 quantoteto

157 1191 185 1234 et
201 1183 266 1235 Asia
282 1191 311 1233 et
327 1184 440 1251 Europa
456 1182 630 1247 conflixisset,
647 1182 875 1251 quandoquidem
890 1183 963 1237 scire
980 1190 1089 1253 possent
1101 1178 1161 1231 σῑὶαιι

158 1252 207 1321 qni
225 1250 300 1303 ultra
313 1250 458 1303 Oceanum
475 1250 609 1307 extimum
626 1254 772 1318 agitarent,
788 1251 893 1321 quique
905 1251 986 1303 divisi
1002 1250 1084 1323 plaga
1095 1244 1162 1317 attul-

156 1320 271 1373 noctiali
289 1338 389 1371 terram
404 1320 493 1382 illam,
511 1337 596 1388 quam
613 1315 766 1401 ἶσσμσρινήν
782 1321 911 1385 diximus,
926 1318 1090 1387 incolerent,
1103 1328 1164 1387 qum

156 1389 296 1443 versimile
320 1398 361 1440 est
381 1389 412 1441 in
437 1388 578 1458 aliquibus
594 1390 725 1443 habitari.
758 1389 830 1443 Sunt
847 1398 941 1441 autern
960 1388 1011 1463 qui
1033 1388 1080 1441 bie
1099 1382 1166 1439 declu-

156 1468 256 1513 rantur
282 1474 376 1510 versus
399 1458 574 1511 huiusmodi:
599 1458 715 1527 Quanta
732 1478 782 1528 per
798 1462 899 1511 Idaeos
917 1466 970 1513 ete.
1003 1460 1082 1511 Hane
1094 1465 1167 1509 tamti!

155 1529 317 1581 anniversam
339 1527 556 1597 disputationem
578 1538 688 1580 eertum
712 1536 766 1593 est,
789 1528 941 1597 Virgilium
961 1518 1191 1599 ennuntiat

156 1598 355 1663 Eratosthene,
385 1597 465 1651 euius
486 1596 560 1651 liber
584 1606 626 1649 est
647 1598 815 1653 hexametris
846 1596 972 1651 versibus
993 1596 1168 1665 scriptunqu

156 1670 272 1719 Hermes
289 1665 462 1718 inscribitur.
496 1666 617 1737 Quidam
634 1682 702 1720 vero
719 1664 819 1721 orbem
834 1674 976 1719 terrarum
987 1664 1168 1739 descripserunt

155 1737 327 1789 informem
344 1734 442 1788 literae
466 1756 488 1789 ω
512 1736 573 1800 (Ω)
598 1744 626 1787 et
643 1735 674 1788 in
690 1734 868 1787 lineamentis
885 1752 959 1804 quae
974 1752 1027 1805 per
1044 1730 1184 1811 cireniqm'

155 1804 285 1858 ambiunt
300 1802 412 1871 literas,
433 1807 556 1859 formam
572 1808 700 1857 referunt
717 1804 836 1871 Oceani,
860 1820 946 1873 quem
967 1812 1046 1857 recte
1069 1804 1169 1869 {norw

155 1870 205 1931 seii
228 1870 330 1943 κόσμου
347 1873 491 1937 dixeritnt5
514 1870 632 1927 vistavit
656 1882 750 1926 autem
774 1875 809 1927 ab
834 1868 905 1927 oiseis
920 1874 1041 1940 dicitur,
1062 1862 1168 1939 ι’ξσιῖπη

155 1941 256 1998 πάντες
285 1949 406 2013 ποταμοὶ
436 1948 482 1997 καὶ
513 1941 588 1999 πᾶσα
617 1942 743 1999 &diesen
771 1950 816 1997 snt
840 1941 928 1997 πσῖσαι
954 1940 1054 2014 κρῆναι
1076 1944 1173 2013 posim

155 2011 249 2086 μακροὶ
272 2018 401 2069 ναίουσιν.
449 2016 482 2064 In
508 2014 603 2067 media
627 2022 722 2066 autem
745 2022 825 2081 parte
849 2013 926 2067 linea
951 2030 1024 2085 quae
1047 2009 1169 2065 aeduam

154 2083 325 2137 Atlanticum
346 2086 493 2135 Oceanum
518 2086 610 2137 fertur
638 2084 842 2150 transmittere,
869 2083 946 2151 qnod
969 2078 1169 2135 maenadibus

154 2153 313 2207 subiectum
330 2170 388 2203 esce
405 2152 505 2221 plagae
522 2151 735 2221 aequinoctiali,
752 2152 836 2204 etsie
853 2153 955 2205 divisas
972 2168 1032 2205 esse
1048 2150 1110 2203 dun
1122 2162 1170 2219 ptr·

154 2232 195 2274 tes
213 2222 304 2285 orbis,
322 2238 443 2290 quarum
461 2238 511 2273 nos
528 2223 685 2273 habitemus
703 2239 765 2273 eam
783 2222 907 2289 quaesit
924 2223 959 2274 ah
978 2221 1086 2273 oriente
1100 2220 1170 2271 clerte·

153 2292 228 2353 rior;
247 2300 329 2359 atque
348 2309 405 2341 esse
423 2290 592 2356 verisimile,
610 2299 641 2341 ut
659 2292 770 2343 adverso
787 2299 847 2342 tarn
864 2291 926 2360 pari
944 2299 1037 2343 tractu
1053 2306 1115 2358 gens
1129 2284 1170 2337 alia

153 2361 302 2414 hominum
326 2360 471 2411 inhabitet.
513 2360 539 2410 Si
566 2371 660 2412 tamen
685 2360 801 2411 velimus
825 2377 941 2413 emnem
965 2352 1170 2429 diligentiamiu

154 2430 343 2483 examinandis
370 2427 484 2479 Homeri
510 2430 682 2481 carminibus
706 2430 852 2494 adhibere,
882 2429 923 2480 ibi
955 2445 1009 2498 qno
1032 2446 1066 2478 ue
1087 2421 1171 2479 videbi·

153 2517 216 2552 mus
233 2498 425 2568 descriptionis
443 2498 526 2549 huius
544 2500 678 2551 ordinem.
715 2498 832 2567 Clypeus
849 2498 926 2549 enim
939 2448 1055 2550 Achillis
1068 2496 1174 2566 quinque

154 2569 270 2621 orbibus
288 2568 406 2619 intentus
424 2567 491 2627 init,
509 2585 630 2637 quarum
647 2569 687 2619 sic
704 2568 846 2619 meminit:
864 2565 907 2625 Αἰ
922 2564 947 2620 ‹l'
963 2562 1006 2635 ἆρ’
1024 2568 1064 2621 i'rs
1080 2586 1103 2621 κ.
1117 2558 1170 2618 ni-

154 2639 228 2689 Nam
246 2639 434 2689 exrrrninemns
453 2637 577 2688 colorem
601 2636 781 2689 metallorum
805 2647 832 2688 et
850 2638 1041 2690 conditionem
1058 2648 1171 2689 zonarum

155 2716 183 2758 et
199 2707 353 2777 poterimus
370 2715 446 2758 recte
465 2723 643 2774 comparare,
667 2723 717 2758 cur
734 2711 905 2775 κασσιτέρου,
928 2707 947 2760 i.
965 2724 988 2758 e.
1006 2704 1112 2779 pltunbi
1126 2696 1171 2753 albi

154 2793 235 2827 zonas
253 2776 366 2839 dixerit,
390 2775 636 2843 septentrionalem
661 2785 688 2827 et
711 2777 876 2841 australem,
899 2785 931 2829 ut
948 2775 1007 2828 scil.
1031 2774 1137 2844 frigidas
1150 2776 1171 2819 et

156 2861 224 2896 cana
246 2845 309 2895 nive
328 2844 467 2915 oppletas3
486 2849 578 2897 a'ereas
597 2854 690 2897 antem
709 2862 780 2913 qnae
797 2846 954 2913 refulgent,
970 2845 1102 2899 habentes
1115 2850 1170 2892 tem·

154 2923 317 2984 peraturam
341 2913 468 2965 candoris
495 2922 522 2964 et
544 2914 624 2965 rutili
648 2914 762 2980 eoloris,
788 2914 888 2968 dixerit
911 2914 1071 2968 aestivalem
1087 2921 1112 2963 et
1125 2908 1170 2963 lut⁴

153 2982 272 3045 malem3
297 2998 413 3033 aternam
436 2991 530 3035 autem
555 2983 614 3034 sine
632 2983 717 3036 dubio
740 2982 844 3053 ignem.
877 2986 952 3036 Nam
970 2984 1054 3035 etsie
1071 2982 1171 3033 dicnuu

154 3053 220 3103 Fert
237 3068 321 3105 aurea
339 3051 429 3103 sidera
446 3053 560 3104 elamor.
595 3054 631 3104 Et
649 3072 664 3103 a
681 3052 813 3106 Pindaro:
829 3050 861 3107 ‘0
879 3051 910 3109 ris*
925 3046 1023 3123 reseris
1041 3047 1171 3119 αἶθὸμεΜ

153 3118 219 3189 πῦρ.
254 3122 291 3172 Et
307 3120 461 3187 Vulcanus,
478 3128 510 3170 ut
527 3121 599 3188 ignis
618 3123 699 3189 deus,
716 3122 818 3175 vir-ieme
834 3140 951 3177 suartuu
967 3115 1170 3185 beneficiurnin

153 3189 205 3243 illa
228 3206 297 3243 tona
320 3189 438 3241 voluerit
463 3206 564 3241 aurum
589 3192 683 3259 clvpeo
706 3198 962 3261 superponere.-'
992 3200 1056 3252 336.
1072 3186 1170 3257 Frigida

155 3268 224 3323 ete.;
246 3257 374 3310 omnibus
398 3259 484 3310 stellis
501 3260 543 3312 sol
561 3269 588 3311 et
611 3260 708 3311 lumen
731 3264 777 3313 dat
801 3271 828 3312 et
846 3262 985 3326 calorem3
1007 3263 1082 3315 inira
1096 3256 1170 3310 Solem

155 3338 249 3381 autem
266 3328 384 3382 Veneris
399 3328 479 3380 stella
497 3338 550 3393 cst,
573 3330 662 3380 tribus
680 3331 842 3384 hemitoniis
858 3330 977 3401 seposita
994 3321 1171 3383 intercedenti·

153 3398 213 3450 bus.
262 3396 393 3465 Superior
417 3398 479 3449 Sole
501 3398 600 3451 Martis
623 3399 702 3451 stella
726 3410 779 3462 est,
810 3417 880 3469 qnae
904 3401 999 3469 Pyrois
1029 3398 1172 3469 appellatur¹

154 3476 221 3519 tono
251 3466 441 3519 intercedente
466 3466 557 3521 altior.
604 3469 671 3519 Inde
702 3469 857 3521 hemitonio
887 3471 1020 3541 superior
1050 3478 1089 3520 est
1109 3462 1171 3527 Iuvit,

155 3552 226 3607 quae
244 3536 400 3605 appellatur
417 3539 568 3589 Phaethon.
602 3536 717 3590 Summa
735 3547 776 3590 est
791 3539 916 3605 Saturni,
942 3556 1014 3607 quae
1040 3539 1104 3606 quia
1123 3546 1171 3605 Ρῐθ·

154 3607 217 3679 pior
236 3612 276 3655 est
293 3604 435 3673 crystallo,
452 3607 506 3658 hoc
525 3616 565 3659 est
582 3607 675 3670 coelo,
699 3607 729 3658 in
748 3626 780 3659 ea
798 3608 890 3661 deficit
907 3608 983 3662 calor
1000 3608 1074 3661 solit.
1104 3600 1170 3672 Rapit

156 3675 233 3727 enim
251 3690 316 3725 eum
334 3676 368 3725 ad
385 3691 414 3724 se
431 3674 539 3741 Pyrois,
558 3694 629 3745 quae
647 3676 726 3729 stella
744 3679 842 3729 ardore
860 3695 909 3738 sno
926 3679 1077 3731 horrorem
1092 3692 1121 3729 ac
1133 3670 1170 3725 iti·

155 3762 271 3813 gorem,
292 3743 409 3797 Saturno
428 3744 554 3794 veniente
577 3746 608 3797 in
626 3749 733 3805 lovem,
756 3756 902 3816 temperat.
937 3748 1080 3817 Cyllenius
1096 3752 1168 3797 annm

156 3811 292 3866 Mercurii
314 3811 395 3865 stella
418 3821 472 3877 est,
497 3830 567 3881 qnae
592 3817 698 3868 duobus
723 3816 795 3867 tonis
820 3817 894 3870 infra
911 3817 1065 3871 Saturnum
1086 3814 1169 3887 stiffi

157 3894 269 3934 vocatur
286 3882 402 3933 Stilbon.
435 3882 481 3933 Ait
499 3900 580 3951 ergo,
602 3886 804 3937 observandum
827 3903 884 3938 esse
909 3887 1081 3956 agrestibus,
1100 3892 1127 3935 ut
1140 3895 1168 3929 tl·

156 3962 217 4005 tare
233 3950 338 4021 possint
359 3957 550 4017 tempestates,
574 3970 686 4006 occasus
710 3955 869 4021 stellarum,
893 3964 995 4025 etque
1013 3946 1169 4028 qnaeqnesit

156 4021 243 4089 signo.
256 4048 290 4058 —
324 4024 386 4078 383.
405 4020 439 4070 Et
454 4039 525 4088 qnae
539 4022 608 4074 Asia
623 4033 690 4083 etc.;
707 4024 770 4076 Asia
783 4042 862 4077 corre
882 4034 910 4081 ta
922 4025 1018 4093 prima
1029 4027 1108 4083 litera
1118 4016 1168 4073 dici·

157 4100 217 4159 terr,
233 4088 264 4143 iu
282 4102 338 4161 qua
355 4088 496 4161 quoddam
512 4099 626 4163 pratum
642 4092 746 4160 sisium,
761 4093 835 4148 iuxta
878 4102 1010 4164 aratrum,
1028 4092 1167 4167 appellatur·
