<?xml version="1.0" encoding="UTF-8"?>
<!DOCTYPE html PUBLIC "-//W3C//DTD XHTML 1.0 Transitional//EN"
    "http://www.w3.org/TR/xhtml1/DTD/xhtml1-transitional.dtd">
<html xmlns="http://www.w3.org/1999/xhtml" xml:lang="en" lang="en">
 <head>
  <title>
</title>
<meta http-equiv="Content-Type" content="text/html;charset=utf-8" />
  <meta name='ocr-system' content='tesseract 3.04.00' />
  <meta name='ocr-capabilities' content='ocr_page ocr_carea ocr_par ocr_line ocrx_word'/>
</head>
<body>
  <div class='ocr_page' id='page_1' title='image "./commentariiinvi01servgoog_0195.png"; bbox 0 0 2288 4514; ppageno 0'>
   <div class='ocr_carea' id='block_1_1' title="bbox 68 238 1003 361">
    <p class='ocr_par' dir='ltr' id='par_1_1' title="bbox 68 238 1003 361">
     <span class='ocr_line' id='line_1_1' title="bbox 68 238 1003 361; baseline -0.003 -26"><span class='ocrx_word' id='word_1_1' title='bbox 68 332 72 341; x_wconf 86' lang='grc'><strong>,</strong></span> <span class='ocrx_word' id='word_1_2' title='bbox 144 267 208 334; x_wconf 76' lang='lat' dir='ltr'><strong>eso</strong></span> <span class='ocrx_word' id='word_1_3' title='bbox 239 325 264 361; x_wconf 13' lang='grc' dir='ltr'><strong>Ι,</strong></span> <span class='ocrx_word' id='word_1_4' title='bbox 403 263 541 327; x_wconf 75' lang='lat' dir='ltr'><strong>servu</strong></span> <span class='ocrx_word' id='word_1_5' title='bbox 565 256 922 333; x_wconf 72' lang='lat' dir='ltr'><strong>constiterimus</strong></span> <span class='ocrx_word' id='word_1_6' title='bbox 998 238 1003 251; x_wconf 76' lang='grc'><em>’</em></span> 
     </span>
    </p>
   </div>
   <div class='ocr_carea' id='block_1_2' title="bbox 70 449 1050 3546">
    <p class='ocr_par' dir='ltr' id='par_1_2' title="bbox 70 449 1050 3546">
     <span class='ocr_line' id='line_1_2' title="bbox 141 449 1050 523; baseline 0.008 -21"><span class='ocrx_word' id='word_1_7' title='bbox 141 450 224 523; x_wconf 76' lang='lat' dir='ltr'><strong>plena</strong></span> <span class='ocrx_word' id='word_1_8' title='bbox 241 449 391 503; x_wconf 66' lang='lat' dir='ltr'><strong>oblivionis.</strong></span> <span class='ocrx_word' id='word_1_9' title='bbox 423 450 497 502; x_wconf 83' lang='lat' dir='ltr'><strong>Nam</strong></span> <span class='ocrx_word' id='word_1_10' title='bbox 513 451 605 516; x_wconf 86' lang='lat' dir='ltr'><strong>Ceres,</strong></span> <span class='ocrx_word' id='word_1_11' title='bbox 619 452 681 505; x_wconf 79' lang='lat' dir='ltr'><strong>Iove</strong></span> <span class='ocrx_word' id='word_1_12' title='bbox 698 453 872 522; x_wconf 79' lang='lat' dir='ltr'><strong>admonente,</strong></span> <span class='ocrx_word' id='word_1_13' title='bbox 891 456 994 509; x_wconf 86' lang='lat' dir='ltr'><strong>dicitur</strong></span> <span class='ocrx_word' id='word_1_14' title='bbox 1011 457 1050 509; x_wconf 86' lang='lat' dir='ltr'><strong>cib</strong></span> 
     </span>
     <span class='ocr_line' id='line_1_3' title="bbox 141 518 1050 596; baseline 0.009 -28"><span class='ocrx_word' id='word_1_15' title='bbox 141 520 229 585; x_wconf 81' lang='lat' dir='ltr'><strong>veris,</strong></span> <span class='ocrx_word' id='word_1_16' title='bbox 245 519 369 571; x_wconf 72' lang='lat' dir='ltr'><strong>orbitatis</strong></span> <span class='ocrx_word' id='word_1_17' title='bbox 387 518 484 585; x_wconf 84' lang='lat' dir='ltr'><strong>oblite,</strong></span> <span class='ocrx_word' id='word_1_18' title='bbox 513 529 540 571; x_wconf 87' lang='lat' dir='ltr'><strong>et</strong></span> <span class='ocrx_word' id='word_1_19' title='bbox 557 536 588 569; x_wconf 87' lang='lat' dir='ltr'><strong>re</strong></span> <span class='ocrx_word' id='word_1_20' title='bbox 604 538 666 573; x_wconf 83' lang='lat' dir='ltr'><strong>vere</strong></span> <span class='ocrx_word' id='word_1_21' title='bbox 684 539 803 590; x_wconf 79' lang='lat' dir='ltr'><strong>papaver</strong></span> <span class='ocrx_word' id='word_1_22' title='bbox 820 526 914 593; x_wconf 65' lang='lat' dir='ltr'><strong>gignit</strong></span> <span class='ocrx_word' id='word_1_23' title='bbox 932 524 1050 596; x_wconf 81' lang='lat' dir='ltr'><strong>soporem</strong></span> 
     </span>
     <span class='ocr_line' id='line_1_4' title="bbox 141 588 1050 666; baseline 0.009 -28"><span class='ocrx_word' id='word_1_24' title='bbox 141 588 200 641; x_wconf 88' lang='lat' dir='ltr'><strong>iam</strong></span> <span class='ocrx_word' id='word_1_25' title='bbox 217 589 409 659; x_wconf 72' lang='lat' dir='ltr'><strong>Proserpinam</strong></span> <span class='ocrx_word' id='word_1_26' title='bbox 432 597 540 657; x_wconf 82' lang='lat' dir='ltr'><strong>reptem</strong></span> <span class='ocrx_word' id='word_1_27' title='bbox 558 608 573 639; x_wconf 78' lang='lat' dir='ltr'>a</span> <span class='ocrx_word' id='word_1_28' title='bbox 591 589 703 642; x_wconf 89' lang='lat' dir='ltr'><strong>Plutone</strong></span> <span class='ocrx_word' id='word_1_29' title='bbox 721 608 753 642; x_wconf 86' lang='lat' dir='ltr'><strong>ex</strong></span> <span class='ocrx_word' id='word_1_30' title='bbox 768 593 876 644; x_wconf 88' lang='lat' dir='ltr'><strong>inferno</strong></span> <span class='ocrx_word' id='word_1_31' title='bbox 897 597 1050 666; x_wconf 80' lang='lat' dir='ltr'>reciperen</span> 
     </span>
     <span class='ocr_line' id='line_1_5' title="bbox 139 655 1028 726; baseline 0.008 -18"><span class='ocrx_word' id='word_1_32' title='bbox 139 655 254 723; x_wconf 65' lang='lat' dir='ltr'><strong>hustet]</strong></span> <span class='ocrx_word' id='word_1_33' title='bbox 276 683 293 690; x_wconf 84' lang='lat'>-</span> <span class='ocrx_word' id='word_1_34' title='bbox 343 664 386 714; x_wconf 71' lang='grc'><strong>79.</strong></span> <span class='ocrx_word' id='word_1_35' title='bbox 403 657 524 708; x_wconf 86' lang='lat' dir='ltr'><strong>Alternis</strong></span> <span class='ocrx_word' id='word_1_36' title='bbox 542 658 646 726; x_wconf 81' lang='lat' dir='ltr'><strong>facilis</strong></span> <span class='ocrx_word' id='word_1_37' title='bbox 664 661 758 723; x_wconf 58' lang='lat' dir='ltr'><strong>lobon</strong></span> <span class='ocrx_word' id='word_1_38' title='bbox 780 664 852 711; x_wconf 88' lang='lat' dir='ltr'><strong>redit</strong></span> <span class='ocrx_word' id='word_1_39' title='bbox 875 679 973 713; x_wconf 85' lang='lat' dir='ltr'><strong>rursus</strong></span> <span class='ocrx_word' id='word_1_40' title='bbox 995 664 1028 715; x_wconf 83' lang='lat' dir='ltr'><strong>ed</strong></span> 
     </span>
     <span class='ocr_line' id='line_1_6' title="bbox 139 726 1050 796; baseline 0.008 -20"><span class='ocrx_word' id='word_1_41' title='bbox 139 735 219 793; x_wconf 90' lang='lat' dir='ltr'><strong>ptum</strong></span> <span class='ocrx_word' id='word_1_42' title='bbox 233 727 305 794; x_wconf 93' lang='lat' dir='ltr'><strong>quod</strong></span> <span class='ocrx_word' id='word_1_43' title='bbox 317 728 368 777; x_wconf 85' lang='lat' dir='ltr'><strong>scit</strong></span> <span class='ocrx_word' id='word_1_44' title='bbox 380 742 435 777; x_wconf 88' lang='lat' dir='ltr'><strong>esse</strong></span> <span class='ocrx_word' id='word_1_45' title='bbox 449 728 635 796; x_wconf 76' lang='lat' dir='ltr'><strong>praecipuum,</strong></span> <span class='ocrx_word' id='word_1_46' title='bbox 652 729 670 779; x_wconf 95' lang='lat' dir='ltr'><strong>i.</strong></span> <span class='ocrx_word' id='word_1_47' title='bbox 685 744 723 793; x_wconf 88' lang='lat' dir='ltr'><strong>c.,</strong></span> <span class='ocrx_word' id='word_1_48' title='bbox 740 730 774 781; x_wconf 85' lang='lat' dir='ltr'><strong>ad</strong></span> <span class='ocrx_word' id='word_1_49' title='bbox 790 729 1032 783; x_wconf 81' lang='lat' dir='ltr'><strong>intermissionem.</strong></span> <span class='ocrx_word' id='word_1_50' title='bbox 1049 726 1050 731; x_wconf 35' lang='lat'>¹</span> 
     </span>
     <span class='ocr_line' id='line_1_7' title="bbox 141 795 1050 862; baseline 0.008 -17"><span class='ocrx_word' id='word_1_51' title='bbox 141 798 203 860; x_wconf 60' lang='lat' dir='ltr'><strong>nire</strong></span> <span class='ocrx_word' id='word_1_52' title='bbox 220 795 395 847; x_wconf 82' lang='lat' dir='ltr'><strong>intermissis:</strong></span> <span class='ocrx_word' id='word_1_53' title='bbox 416 796 531 855; x_wconf 80' lang='lat' dir='ltr'><strong>subaudi</strong></span> <span class='ocrx_word' id='word_1_54' title='bbox 548 796 628 862; x_wconf 80' lang='lat' dir='ltr'><strong>egris.</strong></span> <span class='ocrx_word' id='word_1_55' title='bbox 661 798 783 861; x_wconf 71' lang='lat' dir='ltr'><strong>Focilis5</strong></span> <span class='ocrx_word' id='word_1_56' title='bbox 809 800 892 849; x_wconf 85' lang='lat' dir='ltr'><strong>utilis.</strong></span> <span class='ocrx_word' id='word_1_57' title='bbox 912 827 945 839; x_wconf 90' lang='lat'><strong>·-</strong></span> <span class='ocrx_word' id='word_1_58' title='bbox 979 801 1050 858; x_wconf 72' lang='lat' dir='ltr'><strong>Sul</strong></span> 
     </span>
     <span class='ocr_line' id='line_1_8' title="bbox 138 863 1050 936; baseline 0.007 -22"><span class='ocrx_word' id='word_1_59' title='bbox 138 880 202 916; x_wconf 85' lang='lat' dir='ltr'><strong>non.</strong></span> <span class='ocrx_word' id='word_1_60' title='bbox 237 863 387 927; x_wconf 76' lang='lat' dir='ltr'><strong>sarnrare,·</strong></span> <span class='ocrx_word' id='word_1_61' title='bbox 410 880 536 916; x_wconf 90' lang='lat' dir='ltr'><strong>recreare</strong></span> <span class='ocrx_word' id='word_1_62' title='bbox 554 871 582 916; x_wconf 85' lang='lat' dir='ltr'><strong>et</strong></span> <span class='ocrx_word' id='word_1_63' title='bbox 598 866 748 932; x_wconf 72' lang='lat' dir='ltr'><strong>reperere]</strong></span> <span class='ocrx_word' id='word_1_64' title='bbox 783 865 892 934; x_wconf 82' lang='lat' dir='ltr'><strong>Pingui</strong></span> <span class='ocrx_word' id='word_1_65' title='bbox 902 868 993 936; x_wconf 71' lang='lat' dir='ltr'><strong>flm⁰i</strong></span> <span class='ocrx_word' id='word_1_66' title='bbox 1015 870 1050 920; x_wconf 85' lang='lat' dir='ltr'><strong>rel</strong></span> 
     </span>
     <span class='ocr_line' id='line_1_9' title="bbox 137 932 1050 1005; baseline 0.005 -22"><span class='ocrx_word' id='word_1_67' title='bbox 137 932 188 999; x_wconf 92' lang='lat' dir='ltr'><strong>do,</strong></span> <span class='ocrx_word' id='word_1_68' title='bbox 209 932 253 983; x_wconf 81' lang='lat' dir='ltr'><strong>vel</strong></span> <span class='ocrx_word' id='word_1_69' title='bbox 274 932 363 983; x_wconf 85' lang='lat' dir='ltr'><strong>fertili.</strong></span> <span class='ocrx_word' id='word_1_70' title='bbox 400 932 492 1000; x_wconf 81' lang='lat' dir='ltr'><strong>[Soln‚·</strong></span> <span class='ocrx_word' id='word_1_71' title='bbox 517 932 624 998; x_wconf 74' lang='lat' dir='ltr'><strong>terres]</strong></span> <span class='ocrx_word' id='word_1_72' title='bbox 641 960 674 972; x_wconf 90' lang='lat'><em>-</em></span> <span class='ocrx_word' id='word_1_73' title='bbox 708 942 751 993; x_wconf 74' lang='lat'><strong>81.</strong></span> <span class='ocrx_word' id='word_1_74' title='bbox 770 935 897 1004; x_wconf 79' lang='lat' dir='ltr'><strong>Effoetos</strong></span> <span class='ocrx_word' id='word_1_75' title='bbox 914 955 964 1005; x_wconf 88' lang='lat' dir='ltr'><strong>per</strong></span> <span class='ocrx_word' id='word_1_76' title='bbox 982 957 1050 1005; x_wconf 68' lang='lat' dir='ltr'><strong>agros</strong></span> 
     </span>
     <span class='ocr_line' id='line_1_10' title="bbox 137 1001 1050 1075; baseline 0.002 -22"><span class='ocrx_word' id='word_1_77' title='bbox 137 1001 216 1069; x_wconf 69' lang='lat' dir='ltr'><strong>tinus</strong></span> <span class='ocrx_word' id='word_1_78' title='bbox 233 1002 373 1053; x_wconf 80' lang='lat' dir='ltr'><strong>fertilitate</strong></span> <span class='ocrx_word' id='word_1_79' title='bbox 388 1002 512 1054; x_wconf 74' lang='lat' dir='ltr'><strong>lassatos:</strong></span> <span class='ocrx_word' id='word_1_80' title='bbox 539 1003 608 1051; x_wconf 83' lang='lat' dir='ltr'><strong>sicut</strong></span> <span class='ocrx_word' id='word_1_81' title='bbox 624 1003 707 1054; x_wconf 82' lang='lat' dir='ltr'><strong>etiem</strong></span> <span class='ocrx_word' id='word_1_82' title='bbox 725 1005 862 1071; x_wconf 81' lang='lat' dir='ltr'><strong>frequenti</strong></span> <span class='ocrx_word' id='word_1_83' title='bbox 880 1014 965 1073; x_wconf 84' lang='lat' dir='ltr'><strong>partu</strong></span> <span class='ocrx_word' id='word_1_84' title='bbox 984 1009 1050 1075; x_wconf 77' lang='lat' dir='ltr'><strong>effon</strong></span> 
     </span>
     <span class='ocr_line' id='line_1_11' title="bbox 70 1069 1050 1140; baseline 0.002 -17"><span class='ocrx_word' id='word_1_85' title='bbox 70 1071 79 1104; x_wconf 92' lang='lat'><strong>·&#39;</strong></span> <span class='ocrx_word' id='word_1_86' title='bbox 135 1076 182 1123; x_wconf 79' lang='lat' dir='ltr'><strong>tur</strong></span> <span class='ocrx_word' id='word_1_87' title='bbox 198 1069 306 1122; x_wconf 88' lang='lat' dir='ltr'><strong>mulier.</strong></span> <span class='ocrx_word' id='word_1_88' title='bbox 341 1069 466 1120; x_wconf 74' lang='lat' dir='ltr'><strong>cinerem</strong></span> <span class='ocrx_word' id='word_1_89' title='bbox 486 1072 678 1136; x_wconf 68' lang='lat' dir='ltr'><strong>immundum,</strong></span> <span class='ocrx_word' id='word_1_90' title='bbox 706 1070 793 1140; x_wconf 88' lang='lat' dir='ltr'><strong>[dicit]</strong></span> <span class='ocrx_word' id='word_1_91' title='bbox 817 1073 852 1124; x_wconf 85' lang='lat' dir='ltr'><strong>ed</strong></span> <span class='ocrx_word' id='word_1_92' title='bbox 870 1075 1050 1126; x_wconf 83' lang='lat' dir='ltr'><strong>discretionem</strong></span> 
     </span>
     <span class='ocr_line' id='line_1_12' title="bbox 134 1122 1050 1259; baseline 0.005 -71"><span class='ocrx_word' id='word_1_93' title='bbox 134 1154 191 1259; x_wconf 50' lang='lat' dir='ltr'><strong>pro</strong></span> <span class='ocrx_word' id='word_1_94' title='bbox 208 1145 322 1189; x_wconf 85' lang='lat' dir='ltr'><strong>utrmtur</strong></span> <span class='ocrx_word' id='word_1_95' title='bbox 338 1139 444 1207; x_wconf 83' lang='lat' dir='ltr'><strong>puellae</strong></span> <span class='ocrx_word' id='word_1_96' title='bbox 466 1140 511 1208; x_wconf 89' lang='lat' dir='ltr'><strong>[de</strong></span> <span class='ocrx_word' id='word_1_97' title='bbox 533 1140 630 1208; x_wconf 86' lang='lat' dir='ltr'><strong>quibus</strong></span> <span class='ocrx_word' id='word_1_98' title='bbox 653 1141 789 1193; x_wconf 74' lang='lat' dir='ltr'><strong>cineribus</strong></span> <span class='ocrx_word' id='word_1_99' title='bbox 809 1140 839 1192; x_wconf 90' lang='lat' dir='ltr'><strong>in</strong></span> <span class='ocrx_word' id='word_1_100' title='bbox 856 1122 993 1195; x_wconf 77' lang='lat' dir='ltr'><strong>Bucoiicis</strong></span> <span class='ocrx_word' id='word_1_101' title='bbox 1012 1148 1050 1210; x_wconf 80' lang='lat'><strong>(8,</strong></span> 
     </span>
     <span class='ocr_line' id='line_1_13' title="bbox 159 1208 1050 1279; baseline 0.003 -21"><span class='ocrx_word' id='word_1_102' title='bbox 159 1226 188 1260; x_wconf 84' lang='lat' dir='ltr'><strong>er</strong></span> <span class='ocrx_word' id='word_1_103' title='bbox 205 1210 312 1261; x_wconf 81' lang='lat' dir='ltr'><strong>cineres</strong></span> <span class='ocrx_word' id='word_1_104' title='bbox 331 1210 470 1275; x_wconf 80' lang='lat' dir='ltr'><strong>Arnorylli</strong></span> <span class='ocrx_word' id='word_1_105' title='bbox 487 1208 581 1276; x_wconf 81' lang='lat' dir='ltr'><strong>foros.</strong></span> <span class='ocrx_word' id='word_1_106' title='bbox 597 1234 629 1245; x_wconf 90' lang='lat'><em>-</em></span> <span class='ocrx_word' id='word_1_107' title='bbox 664 1217 708 1267; x_wconf 73' lang='lat'><strong>82.</strong></span> <span class='ocrx_word' id='word_1_108' title='bbox 725 1208 848 1260; x_wconf 82' lang='lat' dir='ltr'><strong>Mutatis</strong></span> <span class='ocrx_word' id='word_1_109' title='bbox 863 1211 1008 1279; x_wconf 61' lang='lat' dir='ltr'><strong>foetidum</strong></span> <span class='ocrx_word' id='word_1_110' title='bbox 1030 1219 1050 1261; x_wconf 85' lang='lat' dir='ltr'><strong>ul</strong></span> 
     </span>
     <span class='ocr_line' id='line_1_14' title="bbox 134 1276 1050 1349; baseline 0 -20"><span class='ocrx_word' id='word_1_111' title='bbox 134 1292 208 1329; x_wconf 88' lang='lat' dir='ltr'><strong>anno</strong></span> <span class='ocrx_word' id='word_1_112' title='bbox 222 1280 383 1349; x_wconf 74' lang='lat' dir='ltr'><strong>proferant,</strong></span> <span class='ocrx_word' id='word_1_113' title='bbox 405 1276 453 1327; x_wconf 87' lang='lat' dir='ltr'><strong>sed</strong></span> <span class='ocrx_word' id='word_1_114' title='bbox 471 1277 587 1343; x_wconf 73' lang='lat' dir='ltr'><strong>diversa:</strong></span> <span class='ocrx_word' id='word_1_115' title='bbox 609 1295 675 1329; x_wconf 83' lang='lat' dir='ltr'><strong>nem</strong></span> <span class='ocrx_word' id='word_1_116' title='bbox 693 1280 791 1330; x_wconf 86' lang='lat' dir='ltr'><strong>eadem</strong></span> <span class='ocrx_word' id='word_1_117' title='bbox 807 1280 882 1331; x_wconf 83' lang='lat' dir='ltr'><strong>ferre</strong></span> <span class='ocrx_word' id='word_1_118' title='bbox 900 1296 1008 1348; x_wconf 84' lang='lat' dir='ltr'><strong>semper</strong></span> <span class='ocrx_word' id='word_1_119' title='bbox 1023 1294 1050 1330; x_wconf 90' lang='lat' dir='ltr'><strong>no</strong></span> 
     </span>
     <span class='ocr_line' id='line_1_15' title="bbox 133 1345 1048 1415; baseline 0.001 -17"><span class='ocrx_word' id='word_1_120' title='bbox 133 1354 212 1411; x_wconf 77' lang='lat' dir='ltr'><strong>aunt,</strong></span> <span class='ocrx_word' id='word_1_121' title='bbox 235 1346 288 1399; x_wconf 83' lang='lat' dir='ltr'><strong>nisi</strong></span> <span class='ocrx_word' id='word_1_122' title='bbox 305 1345 507 1410; x_wconf 70' lang='lat' dir='ltr'><strong>intermittant]</strong></span> <span class='ocrx_word' id='word_1_123' title='bbox 540 1345 729 1411; x_wconf 80' lang='lat' dir='ltr'><strong>Requiestunt</strong></span> <span class='ocrx_word' id='word_1_124' title='bbox 745 1346 874 1415; x_wconf 83' lang='lat' dir='ltr'><strong>foetibus</strong></span> <span class='ocrx_word' id='word_1_125' title='bbox 891 1366 979 1414; x_wconf 81' lang='lat' dir='ltr'><strong>arva,-</strong></span> <span class='ocrx_word' id='word_1_126' title='bbox 1000 1364 1048 1399; x_wconf 86' lang='lat' dir='ltr'><strong>non</strong></span> 
     </span>
     <span class='ocr_line' id='line_1_16' title="bbox 133 1413 1041 1484; baseline 0 -18"><span class='ocrx_word' id='word_1_127' title='bbox 133 1413 315 1467; x_wconf 81' lang='lat' dir='ltr'><strong>roborantur:</strong></span> <span class='ocrx_word' id='word_1_128' title='bbox 339 1413 413 1483; x_wconf 88' lang='lat' dir='ltr'><strong>quod</strong></span> <span class='ocrx_word' id='word_1_129' title='bbox 428 1415 592 1466; x_wconf 77' lang='lat' dir='ltr'><strong>intermissio</strong></span> <span class='ocrx_word' id='word_1_130' title='bbox 610 1416 692 1466; x_wconf 80' lang='lat' dir='ltr'><strong>efficit</strong></span> <span class='ocrx_word' id='word_1_131' title='bbox 714 1416 857 1468; x_wconf 82' lang='lat' dir='ltr'><strong>erationis:</strong></span> <span class='ocrx_word' id='word_1_132' title='bbox 882 1433 965 1484; x_wconf 83' lang='lat' dir='ltr'><strong>quern</strong></span> <span class='ocrx_word' id='word_1_133' title='bbox 987 1432 1041 1467; x_wconf 88' lang='lat' dir='ltr'><strong>rem</strong></span> 
     </span>
     <span class='ocr_line' id='line_1_17' title="bbox 132 1483 1050 1552; baseline 0.002 -19"><span class='ocrx_word' id='word_1_134' title='bbox 132 1483 235 1552; x_wconf 83' lang='lat' dir='ltr'><strong>repetit</strong></span> <span class='ocrx_word' id='word_1_135' title='bbox 263 1484 386 1535; x_wconf 80' lang='lat' dir='ltr'><strong>dicendo.</strong></span> <span class='ocrx_word' id='word_1_136' title='bbox 407 1510 438 1522; x_wconf 92' lang='lat'><strong>·-</strong></span> <span class='ocrx_word' id='word_1_137' title='bbox 473 1489 516 1540; x_wconf 82' lang='grc'><strong>83.</strong></span> <span class='ocrx_word' id='word_1_138' title='bbox 540 1483 597 1534; x_wconf 82' lang='lat' dir='ltr'><strong>Nee</strong></span> <span class='ocrx_word' id='word_1_139' title='bbox 620 1485 699 1535; x_wconf 86' lang='lat' dir='ltr'><strong>nullo</strong></span> <span class='ocrx_word' id='word_1_140' title='bbox 725 1488 830 1536; x_wconf 83' lang='lat' dir='ltr'><strong>intereo</strong></span> <span class='ocrx_word' id='word_1_141' title='bbox 855 1499 895 1535; x_wconf 85' lang='lat' dir='ltr'><strong>ert</strong></span> <span class='ocrx_word' id='word_1_142' title='bbox 914 1489 1050 1547; x_wconf 77' lang='lat' dir='ltr'><strong>inaratae,</strong></span> 
     </span>
     <span class='ocr_line' id='line_1_18' title="bbox 133 1552 1050 1622; baseline 0.003 -21"><span class='ocrx_word' id='word_1_143' title='bbox 133 1561 238 1617; x_wconf 83' lang='lat' dir='ltr'><strong>terroe;</strong></span> <span class='ocrx_word' id='word_1_144' title='bbox 263 1555 282 1604; x_wconf 90' lang='lat' dir='ltr'><strong>i.</strong></span> <span class='ocrx_word' id='word_1_145' title='bbox 307 1571 329 1604; x_wconf 92' lang='lat' dir='ltr'><strong>e.</strong></span> <span class='ocrx_word' id='word_1_146' title='bbox 337 1591 344 1618; x_wconf 91' lang='lat'><strong>,</strong></span> <span class='ocrx_word' id='word_1_147' title='bbox 368 1553 494 1622; x_wconf 70' lang='lat' dir='ltr'><strong>menime.</strong></span> <span class='ocrx_word' id='word_1_148' title='bbox 541 1553 623 1603; x_wconf 75' lang='lat' dir='ltr'><strong>Num¹</strong></span> <span class='ocrx_word' id='word_1_149' title='bbox 638 1553 760 1620; x_wconf 80' lang='lat' dir='ltr'><strong>Liptotes</strong></span> <span class='ocrx_word' id='word_1_150' title='bbox 783 1552 872 1620; x_wconf 77' lang='lat' dir='ltr'><strong>ligure</strong></span> <span class='ocrx_word' id='word_1_151' title='bbox 890 1556 948 1619; x_wconf 79' lang='lat' dir='ltr'><strong>est,</strong></span> <span class='ocrx_word' id='word_1_152' title='bbox 970 1552 1050 1622; x_wconf 73' lang='lat' dir='ltr'><strong>[meti</strong></span> 
     </span>
     <span class='ocr_line' id='line_1_19' title="bbox 131 1619 1050 1692; baseline -0.002 -20"><span class='ocrx_word' id='word_1_153' title='bbox 131 1619 313 1692; x_wconf 82' lang='lat' dir='ltr'><strong>praecipua:]</strong></span> <span class='ocrx_word' id='word_1_154' title='bbox 330 1636 359 1671; x_wconf 88' lang='lat' dir='ltr'><strong>ut</strong></span> <span class='ocrx_word' id='word_1_155' title='bbox 376 1623 416 1688; x_wconf 81' lang='lat' dir='ltr'><strong>(A.</strong></span> <span class='ocrx_word' id='word_1_156' title='bbox 434 1631 459 1686; x_wconf 87' lang='lat'><strong>7,</strong></span> <span class='ocrx_word' id='word_1_157' title='bbox 476 1622 561 1682; x_wconf 76' lang='grc'>261,);</span> <span class='ocrx_word' id='word_1_158' title='bbox 578 1620 697 1671; x_wconf 83' lang='lat' dir='ltr'><strong>Munera</strong></span> <span class='ocrx_word' id='word_1_159' title='bbox 716 1639 766 1678; x_wconf 80' lang='lat' dir='ltr'><strong>neo</strong></span> <span class='ocrx_word' id='word_1_160' title='bbox 783 1639 891 1688; x_wconf 80' lang='lat' dir='ltr'><strong>sperno.</strong></span> <span class='ocrx_word' id='word_1_161' title='bbox 927 1623 1050 1690; x_wconf 73' lang='lat' dir='ltr'><strong>[inomni</strong></span> 
     </span>
     <span class='ocr_line' id='line_1_20' title="bbox 131 1688 1047 1754; baseline -0.002 -14"><span class='ocrx_word' id='word_1_162' title='bbox 131 1696 215 1742; x_wconf 72' lang='lat' dir='ltr'><strong>satae.</strong></span> <span class='ocrx_word' id='word_1_163' title='bbox 250 1690 327 1742; x_wconf 83' lang='lat' dir='ltr'><strong>Unde</strong></span> <span class='ocrx_word' id='word_1_164' title='bbox 344 1698 384 1743; x_wconf 88' lang='lat' dir='ltr'><strong>est</strong></span> <span class='ocrx_word' id='word_1_165' title='bbox 400 1690 467 1742; x_wconf 85' lang='lat' dir='ltr'><strong>illud</strong></span> <span class='ocrx_word' id='word_1_166' title='bbox 491 1696 522 1754; x_wconf 86' lang='lat' dir='ltr'><strong>(v.</strong></span> <span class='ocrx_word' id='word_1_167' title='bbox 541 1688 609 1752; x_wconf 85' lang='lat'><strong>71.)&#39;:</strong></span> <span class='ocrx_word' id='word_1_168' title='bbox 637 1692 759 1741; x_wconf 70' lang='lat' dir='ltr'><strong>Alternis</strong></span> <span class='ocrx_word' id='word_1_169' title='bbox 777 1692 849 1742; x_wconf 81' lang='lat' dir='ltr'><strong>idem</strong></span> <span class='ocrx_word' id='word_1_170' title='bbox 867 1703 965 1742; x_wconf 82' lang='lat' dir='ltr'><strong>tonsos</strong></span> <span class='ocrx_word' id='word_1_171' title='bbox 982 1708 1047 1741; x_wconf 80' lang='lat' dir='ltr'><strong>cessa</strong></span> 
     </span>
     <span class='ocr_line' id='line_1_21' title="bbox 132 1759 1050 1831; baseline -0.002 -22"><span class='ocrx_word' id='word_1_172' title='bbox 132 1760 219 1810; x_wconf 82' lang='lat' dir='ltr'><strong>vales:</strong></span> <span class='ocrx_word' id='word_1_173' title='bbox 253 1759 305 1810; x_wconf 90' lang='lat' dir='ltr'><strong>Alii</strong></span> <span class='ocrx_word' id='word_1_174' title='bbox 333 1760 456 1811; x_wconf 78' lang='lat' dir='ltr'><strong>inaratae</strong></span> <span class='ocrx_word' id='word_1_175' title='bbox 480 1759 630 1824; x_wconf 80' lang='lat' dir='ltr'><strong>occipiunt,</strong></span> <span class='ocrx_word' id='word_1_176' title='bbox 655 1774 725 1827; x_wconf 83' lang='lat' dir='ltr'><strong>quae</strong></span> <span class='ocrx_word' id='word_1_177' title='bbox 748 1767 789 1811; x_wconf 87' lang='lat' dir='ltr'><strong>est</strong></span> <span class='ocrx_word' id='word_1_178' title='bbox 811 1759 914 1829; x_wconf 84' lang='lat' dir='ltr'><strong>pabulo</strong></span> <span class='ocrx_word' id='word_1_179' title='bbox 935 1760 1050 1831; x_wconf 88' lang='lat' dir='ltr'><strong>pecoribu</strong></span> 
     </span>
     <span class='ocr_line' id='line_1_22' title="bbox 86 1828 1050 1897; baseline 0.002 -21"><span class='ocrx_word' id='word_1_180' title='bbox 86 1878 89 1887; x_wconf 73' lang='grc'>,</span> <span class='ocrx_word' id='word_1_181' title='bbox 131 1832 176 1884; x_wconf 80' lang='grc'><strong>84.</strong></span> <span class='ocrx_word' id='word_1_182' title='bbox 193 1828 343 1880; x_wconf 81' lang='lat' dir='ltr'><strong>Incendere</strong></span> <span class='ocrx_word' id='word_1_183' title='bbox 361 1828 470 1895; x_wconf 83' lang='lat' dir='ltr'><strong>profuit</strong></span> <span class='ocrx_word' id='word_1_184' title='bbox 488 1845 588 1893; x_wconf 68' lang='lat' dir='ltr'><strong>agros,</strong></span> <span class='ocrx_word' id='word_1_185' title='bbox 612 1843 667 1878; x_wconf 91' lang='lat' dir='ltr'><strong>nou</strong></span> <span class='ocrx_word' id='word_1_186' title='bbox 685 1843 780 1896; x_wconf 80' lang='lat' dir='ltr'><strong>agros,</strong></span> <span class='ocrx_word' id='word_1_187' title='bbox 803 1828 851 1880; x_wconf 88' lang='lat' dir='ltr'><strong>sed</strong></span> <span class='ocrx_word' id='word_1_188' title='bbox 868 1846 917 1892; x_wconf 79' lang='lat' dir='ltr'><strong>ee,</strong></span> <span class='ocrx_word' id='word_1_189' title='bbox 939 1845 1007 1897; x_wconf 87' lang='lat' dir='ltr'><strong>quae</strong></span> <span class='ocrx_word' id='word_1_190' title='bbox 1027 1828 1050 1878; x_wconf 88' lang='lat' dir='ltr'><strong>in</strong></span> 
     </span>
     <span class='ocr_line' id='line_1_23' title="bbox 103 1895 1050 1966; baseline 0 -21"><span class='ocrx_word' id='word_1_191' title='bbox 103 1914 109 1927; x_wconf 87' lang='lat'><strong>·</strong></span> <span class='ocrx_word' id='word_1_192' title='bbox 131 1903 211 1963; x_wconf 84' lang='lat' dir='ltr'><strong>sunt,</strong></span> <span class='ocrx_word' id='word_1_193' title='bbox 227 1897 244 1948; x_wconf 87' lang='lat' dir='ltr'><strong>i.</strong></span> <span class='ocrx_word' id='word_1_194' title='bbox 263 1916 286 1948; x_wconf 82' lang='lat' dir='ltr'><strong>e.</strong></span> <span class='ocrx_word' id='word_1_195' title='bbox 302 1898 413 1964; x_wconf 87' lang='lat' dir='ltr'><strong>stipulas</strong></span> <span class='ocrx_word' id='word_1_196' title='bbox 430 1897 472 1947; x_wconf 91' lang='lat' dir='ltr'><strong>vel</strong></span> <span class='ocrx_word' id='word_1_197' title='bbox 489 1895 658 1964; x_wconf 80' lang='lat' dir='ltr'><strong>quisquilias:</strong></span> <span class='ocrx_word' id='word_1_198' title='bbox 674 1896 692 1947; x_wconf 94' lang='lat' dir='ltr'><strong>i.</strong></span> <span class='ocrx_word' id='word_1_199' title='bbox 709 1914 733 1948; x_wconf 92' lang='lat' dir='ltr'><strong>e.</strong></span> <span class='ocrx_word' id='word_1_200' title='bbox 750 1904 933 1966; x_wconf 75' lang='lat' dir='ltr'><strong>purgamenta</strong></span> <span class='ocrx_word' id='word_1_201' title='bbox 948 1904 1050 1948; x_wconf 77' lang='lat' dir='ltr'><strong>terreru</strong></span> 
     </span>
     <span class='ocr_line' id='line_1_24' title="bbox 131 1963 1050 2034; baseline 0 -17"><span class='ocrx_word' id='word_1_202' title='bbox 131 1963 184 2017; x_wconf 79' lang='lat' dir='ltr'><strong>alia</strong></span> <span class='ocrx_word' id='word_1_203' title='bbox 202 1966 309 2018; x_wconf 77' lang='lat' dir='ltr'><strong>inutilis</strong></span> <span class='ocrx_word' id='word_1_204' title='bbox 327 1963 523 2029; x_wconf 77' lang='lat' dir='ltr'><strong>concremare]</strong></span> <span class='ocrx_word' id='word_1_205' title='bbox 557 1964 630 2014; x_wconf 79' lang='lat' dir='ltr'><strong>Nom</strong></span> <span class='ocrx_word' id='word_1_206' title='bbox 647 1972 677 2014; x_wconf 91' lang='lat' dir='ltr'><strong>ut</strong></span> <span class='ocrx_word' id='word_1_207' title='bbox 693 1963 833 2030; x_wconf 84' lang='lat' dir='ltr'><strong>videmus,</strong></span> <span class='ocrx_word' id='word_1_208' title='bbox 857 1967 879 2016; x_wconf 89' lang='lat' dir='ltr'><strong>si</strong></span> <span class='ocrx_word' id='word_1_209' title='bbox 901 1966 930 2016; x_wconf 90' lang='lat' dir='ltr'><strong>in</strong></span> <span class='ocrx_word' id='word_1_210' title='bbox 953 1967 1050 2034; x_wconf 76' lang='lat' dir='ltr'><strong>agrisq</strong></span> 
     </span>
     <span class='ocr_line' id='line_1_25' title="bbox 129 2032 1050 2102; baseline 0.001 -18"><span class='ocrx_word' id='word_1_211' title='bbox 129 2034 267 2086; x_wconf 88' lang='lat' dir='ltr'><strong>cendendi</strong></span> <span class='ocrx_word' id='word_1_212' title='bbox 283 2042 359 2100; x_wconf 88' lang='lat' dir='ltr'><strong>sunt,</strong></span> <span class='ocrx_word' id='word_1_213' title='bbox 383 2033 471 2084; x_wconf 89' lang='lat' dir='ltr'><strong>desint</strong></span> <span class='ocrx_word' id='word_1_214' title='bbox 487 2032 615 2102; x_wconf 81' lang='lat' dir='ltr'><strong>stipulae,</strong></span> <span class='ocrx_word' id='word_1_215' title='bbox 638 2033 749 2085; x_wconf 83' lang='lat' dir='ltr'><strong>uhuude</strong></span> <span class='ocrx_word' id='word_1_216' title='bbox 771 2034 835 2085; x_wconf 88' lang='lat' dir='ltr'><strong>illuc</strong></span> <span class='ocrx_word' id='word_1_217' title='bbox 852 2035 1017 2086; x_wconf 75' lang='lat' dir='ltr'><strong>nutrimenta</strong></span> <span class='ocrx_word' id='word_1_218' title='bbox 1036 2052 1050 2102; x_wconf 82' lang='lat' dir='ltr'><strong>p</strong></span> 
     </span>
     <span class='ocr_line' id='line_1_26' title="bbox 129 2101 1050 2172; baseline 0 -18"><span class='ocrx_word' id='word_1_219' title='bbox 129 2107 176 2154; x_wconf 82' lang='lat' dir='ltr'><strong>tur</strong></span> <span class='ocrx_word' id='word_1_220' title='bbox 192 2103 321 2155; x_wconf 90' lang='lat' dir='ltr'><strong>incendii.</strong></span> <span class='ocrx_word' id='word_1_221' title='bbox 357 2102 420 2170; x_wconf 84' lang='lat' dir='ltr'><strong>[Alii</strong></span> <span class='ocrx_word' id='word_1_222' title='bbox 436 2118 491 2163; x_wconf 84' lang='lat' dir='ltr'><strong>non</strong></span> <span class='ocrx_word' id='word_1_223' title='bbox 510 2117 589 2171; x_wconf 81' lang='lat' dir='ltr'><strong>saepe</strong></span> <span class='ocrx_word' id='word_1_224' title='bbox 605 2102 722 2171; x_wconf 79' lang='lat' dir='ltr'><strong>profuit,</strong></span> <span class='ocrx_word' id='word_1_225' title='bbox 745 2103 795 2154; x_wconf 68' lang='lat' dir='ltr'><strong>sed«</strong></span> <span class='ocrx_word' id='word_1_226' title='bbox 815 2118 897 2172; x_wconf 83' lang='lat' dir='ltr'><strong>saepe</strong></span> <span class='ocrx_word' id='word_1_227' title='bbox 920 2101 1050 2155; x_wconf 74' lang='lat' dir='ltr'><strong>incendere</strong></span> 
     </span>
     <span class='ocr_line' id='line_1_27' title="bbox 147 2170 1038 2239; baseline 0 -18"><span class='ocrx_word' id='word_1_228' title='bbox 147 2170 227 2236; x_wconf 88' lang='lat' dir='ltr'><strong>iunt.]</strong></span> <span class='ocrx_word' id='word_1_229' title='bbox 241 2198 274 2208; x_wconf 89' lang='lat'>-</span> <span class='ocrx_word' id='word_1_230' title='bbox 309 2178 351 2229; x_wconf 72' lang='grc'><strong>85.</strong></span> <span class='ocrx_word' id='word_1_231' title='bbox 369 2170 453 2236; x_wconf 79' lang='lat' dir='ltr'><strong>Atque</strong></span> <span class='ocrx_word' id='word_1_232' title='bbox 473 2172 555 2221; x_wconf 84' lang='lat' dir='ltr'><strong>levem</strong></span> <span class='ocrx_word' id='word_1_233' title='bbox 575 2172 724 2236; x_wconf 71' lang='lat' dir='ltr'><strong>stipidum,-</strong></span> <span class='ocrx_word' id='word_1_234' title='bbox 742 2170 847 2239; x_wconf 67' lang='grc' dir='ltr'><strong><em>ἔκβασις</em></strong></span> <span class='ocrx_word' id='word_1_235' title='bbox 863 2172 977 2239; x_wconf 69' lang='lat' dir='ltr'><strong>poetice,</strong></span> <span class='ocrx_word' id='word_1_236' title='bbox 993 2170 1038 2238; x_wconf 82' lang='lat' dir='ltr'><strong>[vel</strong></span> 
     </span>
     <span class='ocr_line' id='line_1_28' title="bbox 128 2188 1050 2310; baseline -0.001 -19"><span class='ocrx_word' id='word_1_237' title='bbox 128 2188 187 2292; x_wconf 61' lang='lat' dir='ltr'><strong>flua</strong></span> <span class='ocrx_word' id='word_1_238' title='bbox 213 2234 289 2293; x_wconf 80' lang='lat' dir='ltr'><strong>verbi</strong></span> <span class='ocrx_word' id='word_1_239' title='bbox 313 2240 448 2308; x_wconf 84' lang='lat' dir='ltr'><strong>repetitio.</strong></span> <span class='ocrx_word' id='word_1_240' title='bbox 495 2240 567 2289; x_wconf 89' lang='lat' dir='ltr'><strong>Nam</strong></span> <span class='ocrx_word' id='word_1_241' title='bbox 591 2239 689 2310; x_wconf 83' lang='lat' dir='ltr'><strong>stipula</strong></span> <span class='ocrx_word' id='word_1_242' title='bbox 719 2255 770 2305; x_wconf 87' lang='lat' dir='ltr'><strong>per</strong></span> <span class='ocrx_word' id='word_1_243' title='bbox 792 2257 821 2292; x_wconf 85' lang='lat' dir='ltr'><strong>se</strong></span> <span class='ocrx_word' id='word_1_244' title='bbox 850 2240 986 2293; x_wconf 83' lang='lat' dir='ltr'><strong>levitatem</strong></span> <span class='ocrx_word' id='word_1_245' title='bbox 1007 2240 1050 2307; x_wconf 73' lang='lat' dir='ltr'><strong>sigi</strong></span> 
     </span>
     <span class='ocr_line' id='line_1_29' title="bbox 127 2308 1049 2374; baseline -0.001 -13"><span class='ocrx_word' id='word_1_246' title='bbox 127 2308 206 2363; x_wconf 90' lang='lat' dir='ltr'><strong>Unde</strong></span> <span class='ocrx_word' id='word_1_247' title='bbox 230 2309 300 2361; x_wconf 87' lang='lat' dir='ltr'><strong>leves</strong></span> <span class='ocrx_word' id='word_1_248' title='bbox 325 2309 436 2374; x_wconf 83' lang='lat' dir='ltr'><strong>stipulas</strong></span> <span class='ocrx_word' id='word_1_249' title='bbox 459 2323 592 2359; x_wconf 85' lang='lat' dir='ltr'><strong>vocemus.</strong></span> <span class='ocrx_word' id='word_1_250' title='bbox 639 2308 848 2374; x_wconf 75' lang='lat' dir='ltr'><strong>crepitantibus</strong></span> <span class='ocrx_word' id='word_1_251' title='bbox 869 2323 948 2374; x_wconf 75' lang='lat' dir='ltr'><strong>tero,</strong></span> <span class='ocrx_word' id='word_1_252' title='bbox 975 2324 1049 2360; x_wconf 80' lang='lat' dir='ltr'><strong>soum</strong></span> 
     </span>
     <span class='ocr_line' id='line_1_30' title="bbox 128 2376 1050 2444; baseline -0.002 -16"><span class='ocrx_word' id='word_1_253' title='bbox 128 2402 163 2415; x_wconf 89' lang='lat'>—</span> <span class='ocrx_word' id='word_1_254' title='bbox 196 2383 240 2435; x_wconf 82' lang='grc'><strong>86.</strong></span> <span class='ocrx_word' id='word_1_255' title='bbox 267 2379 328 2428; x_wconf 85' lang='lat' dir='ltr'><strong>Sive</strong></span> <span class='ocrx_word' id='word_1_256' title='bbox 355 2379 419 2428; x_wconf 82' lang='lat' dir='ltr'><strong>inde</strong></span> <span class='ocrx_word' id='word_1_257' title='bbox 446 2379 569 2428; x_wconf 86' lang='lat' dir='ltr'><strong>occultos</strong></span> <span class='ocrx_word' id='word_1_258' title='bbox 587 2378 677 2441; x_wconf 71' lang='lat' dir='ltr'><strong>vires,</strong></span> <span class='ocrx_word' id='word_1_259' title='bbox 702 2378 781 2443; x_wconf 93' lang='lat' dir='ltr'><strong>inde,</strong></span> <span class='ocrx_word' id='word_1_260' title='bbox 802 2377 820 2428; x_wconf 90' lang='lat' dir='ltr'><strong>i.</strong></span> <span class='ocrx_word' id='word_1_261' title='bbox 838 2397 862 2430; x_wconf 87' lang='lat' dir='ltr'><strong>e.</strong></span> <span class='ocrx_word' id='word_1_262' title='bbox 882 2393 914 2429; x_wconf 84' lang='lat' dir='ltr'><strong>ex</strong></span> <span class='ocrx_word' id='word_1_263' title='bbox 936 2376 1007 2444; x_wconf 72' lang='lat' dir='ltr'><strong>igni:</strong></span> <span class='ocrx_word' id='word_1_264' title='bbox 1027 2392 1050 2426; x_wconf 80' lang='lat' dir='ltr'><strong>ot</strong></span> 
     </span>
     <span class='ocr_line' id='line_1_31' title="bbox 127 2446 1050 2513; baseline -0.003 -15"><span class='ocrx_word' id='word_1_265' title='bbox 127 2453 237 2511; x_wconf 80' lang='lat' dir='ltr'><strong>autem,</strong></span> <span class='ocrx_word' id='word_1_266' title='bbox 263 2464 362 2498; x_wconf 77' lang='lat' dir='ltr'><strong>arcuna</strong></span> <span class='ocrx_word' id='word_1_267' title='bbox 381 2448 499 2513; x_wconf 81' lang='lat' dir='ltr'><strong>quadam</strong></span> <span class='ocrx_word' id='word_1_268' title='bbox 515 2447 622 2497; x_wconf 83' lang='lat' dir='ltr'><strong>ratione</strong></span> <span class='ocrx_word' id='word_1_269' title='bbox 641 2446 750 2498; x_wconf 84' lang='lat' dir='ltr'><strong>celetas.</strong></span> <span class='ocrx_word' id='word_1_270' title='bbox 783 2448 814 2496; x_wconf 84' lang='lat' dir='ltr'><strong>Iri</strong></span> <span class='ocrx_word' id='word_1_271' title='bbox 840 2447 891 2497; x_wconf 90' lang='lat' dir='ltr'><strong>boc</strong></span> <span class='ocrx_word' id='word_1_272' title='bbox 908 2454 1050 2497; x_wconf 84' lang='lat' dir='ltr'><strong>autemsen</strong></span> 
     </span>
     <span class='ocr_line' id='line_1_32' title="bbox 126 2514 1050 2585; baseline -0.002 -21"><span class='ocrx_word' id='word_1_273' title='bbox 126 2515 219 2584; x_wconf 87' lang='lat' dir='ltr'><strong>quitur</strong></span> <span class='ocrx_word' id='word_1_274' title='bbox 237 2514 366 2569; x_wconf 84' lang='lat' dir='ltr'><strong>Heracliti</strong></span> <span class='ocrx_word' id='word_1_275' title='bbox 386 2515 559 2582; x_wconf 84' lang='lat' dir='ltr'><strong>opinionem,</strong></span> <span class='ocrx_word' id='word_1_276' title='bbox 582 2516 629 2582; x_wconf 93' lang='lat' dir='ltr'><strong>qui</strong></span> <span class='ocrx_word' id='word_1_277' title='bbox 647 2514 713 2565; x_wconf 86' lang='lat' dir='ltr'><strong>dicit</strong></span> <span class='ocrx_word' id='word_1_278' title='bbox 736 2516 829 2565; x_wconf 83' lang='lat' dir='ltr'><strong>omnio</strong></span> <span class='ocrx_word' id='word_1_279' title='bbox 854 2531 883 2567; x_wconf 80' lang='lat' dir='ltr'><strong>er</strong></span> <span class='ocrx_word' id='word_1_280' title='bbox 906 2514 970 2582; x_wconf 81' lang='lat' dir='ltr'><strong>igne</strong></span> <span class='ocrx_word' id='word_1_281' title='bbox 995 2528 1050 2585; x_wconf 87' lang='lat' dir='ltr'><strong>proc</strong></span> 
     </span>
     <span class='ocr_line' id='line_1_33' title="bbox 125 2583 1050 2653; baseline -0.004 -18"><span class='ocrx_word' id='word_1_282' title='bbox 125 2601 209 2653; x_wconf 88' lang='lat' dir='ltr'><strong>quem</strong></span> <span class='ocrx_word' id='word_1_283' title='bbox 228 2602 300 2639; x_wconf 79' lang='lat' dir='ltr'><strong>riunc</strong></span> <span class='ocrx_word' id='word_1_284' title='bbox 319 2585 399 2634; x_wconf 85' lang='lat' dir='ltr'><strong>terris</strong></span> <span class='ocrx_word' id='word_1_285' title='bbox 423 2584 552 2635; x_wconf 80' lang='lat' dir='ltr'><strong>elimenta</strong></span> <span class='ocrx_word' id='word_1_286' title='bbox 574 2583 710 2649; x_wconf 79' lang='lat' dir='ltr'><strong>praebere</strong></span> <span class='ocrx_word' id='word_1_287' title='bbox 734 2591 941 2634; x_wconf 88' lang='lat' dir='ltr'><strong>commemorat.</strong></span> <span class='ocrx_word' id='word_1_288' title='bbox 959 2610 993 2623; x_wconf 80' lang='lat'><em>-</em></span> <span class='ocrx_word' id='word_1_289' title='bbox 1023 2588 1050 2639; x_wconf 66' lang='grc'><strong>88</strong></span> 
     </span>
     <span class='ocr_line' id='line_1_34' title="bbox 125 2650 1050 2722; baseline -0.005 -18"><span class='ocrx_word' id='word_1_290' title='bbox 125 2655 214 2717; x_wconf 76' lang='lat' dir='ltr'><strong>tium5</strong></span> <span class='ocrx_word' id='word_1_291' title='bbox 246 2654 319 2722; x_wconf 86' lang='lat' dir='ltr'><strong>quod</strong></span> <span class='ocrx_word' id='word_1_292' title='bbox 348 2653 542 2703; x_wconf 82' lang='lat' dir='ltr'><strong>fecunditatem</strong></span> <span class='ocrx_word' id='word_1_293' title='bbox 574 2651 714 2720; x_wconf 78' lang='lat' dir='ltr'><strong>impedit]</strong></span> <span class='ocrx_word' id='word_1_294' title='bbox 762 2652 873 2702; x_wconf 82' lang='lat' dir='ltr'><strong>Erudot</strong></span> <span class='ocrx_word' id='word_1_295' title='bbox 899 2653 1009 2704; x_wconf 82' lang='lat' dir='ltr'><strong>inutilis</strong></span> <span class='ocrx_word' id='word_1_296' title='bbox 1030 2650 1050 2699; x_wconf 89' lang='lat' dir='ltr'><strong>lu</strong></span> 
     </span>
     <span class='ocr_line' id='line_1_35' title="bbox 123 2720 1050 2790; baseline -0.003 -17"><span class='ocrx_word' id='word_1_297' title='bbox 123 2738 192 2774; x_wconf 87' lang='lat' dir='ltr'><strong>nove</strong></span> <span class='ocrx_word' id='word_1_298' title='bbox 208 2724 314 2774; x_wconf 89' lang='lat' dir='ltr'><strong>locutus</strong></span> <span class='ocrx_word' id='word_1_299' title='bbox 333 2729 380 2772; x_wconf 84' lang='lat' dir='ltr'><strong>est</strong></span> <span class='ocrx_word' id='word_1_300' title='bbox 414 2720 486 2790; x_wconf 85' lang='lat' dir='ltr'><strong>Nam</strong></span> <span class='ocrx_word' id='word_1_301' title='bbox 503 2737 556 2771; x_wconf 83' lang='lat' dir='ltr'><strong>non</strong></span> <span class='ocrx_word' id='word_1_302' title='bbox 575 2721 633 2786; x_wconf 87' lang='lat' dir='ltr'><strong>ipse</strong></span> <span class='ocrx_word' id='word_1_303' title='bbox 650 2720 763 2786; x_wconf 89' lang='lat' dir='ltr'><strong>humor,</strong></span> <span class='ocrx_word' id='word_1_304' title='bbox 781 2722 828 2772; x_wconf 81' lang='lat' dir='ltr'><strong>sed</strong></span> <span class='ocrx_word' id='word_1_305' title='bbox 843 2730 918 2772; x_wconf 84' lang='lat' dir='ltr'><strong>terre</strong></span> <span class='ocrx_word' id='word_1_306' title='bbox 936 2720 1050 2782; x_wconf 76' lang='lat' dir='ltr'><strong>desudat,</strong></span> 
     </span>
     <span class='ocr_line' id='line_1_36' title="bbox 124 2789 1050 2862; baseline -0.005 -19"><span class='ocrx_word' id='word_1_307' title='bbox 124 2793 228 2852; x_wconf 72' lang='lat' dir='ltr'><strong>enudat</strong></span> <span class='ocrx_word' id='word_1_308' title='bbox 251 2808 301 2862; x_wconf 89' lang='lat' dir='ltr'><strong>pro</strong></span> <span class='ocrx_word' id='word_1_309' title='bbox 326 2789 464 2842; x_wconf 72' lang='lat' dir='ltr'><strong>tendatur</strong></span> <span class='ocrx_word' id='word_1_310' title='bbox 488 2790 644 2858; x_wconf 81' lang='lat' dir='ltr'><strong>arcipimus.</strong></span> <span class='ocrx_word' id='word_1_311' title='bbox 685 2790 795 2858; x_wconf 86' lang='lat' dir='ltr'><strong>[Potest</strong></span> <span class='ocrx_word' id='word_1_312' title='bbox 811 2806 877 2858; x_wconf 82' lang='lat' dir='ltr'><strong>ergo</strong></span> <span class='ocrx_word' id='word_1_313' title='bbox 895 2790 1014 2841; x_wconf 72' lang='lat' dir='ltr'><strong>trudon</strong></span> <span class='ocrx_word' id='word_1_314' title='bbox 1029 2794 1050 2841; x_wconf 85' lang='lat' dir='ltr'><strong>et</strong></span> 
     </span>
     <span class='ocr_line' id='line_1_37' title="bbox 124 2857 1050 2926; baseline -0.004 -14"><span class='ocrx_word' id='word_1_315' title='bbox 124 2861 277 2923; x_wconf 88' lang='lat' dir='ltr'><strong>emittitur,</strong></span> <span class='ocrx_word' id='word_1_316' title='bbox 301 2868 328 2911; x_wconf 88' lang='lat' dir='ltr'><strong>et</strong></span> <span class='ocrx_word' id='word_1_317' title='bbox 344 2857 418 2926; x_wconf 92' lang='lat' dir='ltr'><strong>quod</strong></span> <span class='ocrx_word' id='word_1_318' title='bbox 436 2858 550 2922; x_wconf 89' lang='lat' dir='ltr'><strong>emittit,</strong></span> <span class='ocrx_word' id='word_1_319' title='bbox 568 2857 681 2924; x_wconf 78' lang='lat' dir='ltr'><strong>accipi]</strong></span> <span class='ocrx_word' id='word_1_320' title='bbox 698 2885 731 2896; x_wconf 92' lang='lat'><em>-</em></span> <span class='ocrx_word' id='word_1_321' title='bbox 765 2865 808 2915; x_wconf 79' lang='lat'><strong>89.</strong></span> <span class='ocrx_word' id='word_1_322' title='bbox 827 2858 913 2909; x_wconf 85' lang='lat' dir='ltr'><strong>Caeco</strong></span> <span class='ocrx_word' id='word_1_323' title='bbox 933 2860 1050 2909; x_wconf 62' lang='lat' dir='ltr'><strong>relaxat</strong></span> 
     </span>
     <span class='ocr_line' id='line_1_38' title="bbox 126 2928 1050 2995; baseline -0.006 -14"><span class='ocrx_word' id='word_1_324' title='bbox 126 2943 231 2992; x_wconf 83' lang='lat' dir='ltr'><strong>menta;</strong></span> <span class='ocrx_word' id='word_1_325' title='bbox 256 2928 352 2980; x_wconf 87' lang='lat' dir='ltr'><strong>breves</strong></span> <span class='ocrx_word' id='word_1_326' title='bbox 370 2943 511 2991; x_wconf 77' lang='lat' dir='ltr'><strong>cavernas,</strong></span> <span class='ocrx_word' id='word_1_327' title='bbox 534 2943 582 2994; x_wconf 88' lang='lat' dir='ltr'><strong>per</strong></span> <span class='ocrx_word' id='word_1_328' title='bbox 601 2943 667 2992; x_wconf 77' lang='lat' dir='ltr'><strong>quas</strong></span> <span class='ocrx_word' id='word_1_329' title='bbox 684 2928 766 2978; x_wconf 87' lang='lat' dir='ltr'><strong>sudor</strong></span> <span class='ocrx_word' id='word_1_330' title='bbox 784 2936 909 2993; x_wconf 81' lang='lat' dir='ltr'><strong>emanat,</strong></span> <span class='ocrx_word' id='word_1_331' title='bbox 929 2944 999 2995; x_wconf 88' lang='lat' dir='ltr'><strong>quaa</strong></span> <span class='ocrx_word' id='word_1_332' title='bbox 1014 2936 1050 2978; x_wconf 88' lang='lat' dir='ltr'><strong>teu</strong></span> 
     </span>
     <span class='ocr_line' id='line_1_39' title="bbox 71 2996 1047 3066; baseline -0.001 -18"><span class='ocrx_word' id='word_1_333' title='bbox 71 3056 76 3063; x_wconf 34' lang='lat'>¹</span> <span class='ocrx_word' id='word_1_334' title='bbox 122 2999 164 3049; x_wconf 93' lang='lat' dir='ltr'><strong>sui</strong></span> <span class='ocrx_word' id='word_1_335' title='bbox 182 3016 238 3050; x_wconf 88' lang='lat' dir='ltr'><strong>non</strong></span> <span class='ocrx_word' id='word_1_336' title='bbox 256 3004 368 3066; x_wconf 86' lang='lat' dir='ltr'><strong>possunt</strong></span> <span class='ocrx_word' id='word_1_337' title='bbox 385 2996 483 3045; x_wconf 82' lang='lat' dir='ltr'><strong>videri:</strong></span> <span class='ocrx_word' id='word_1_338' title='bbox 507 2997 585 3063; x_wconf 84' lang='lat' dir='ltr'><strong>[ergo</strong></span> <span class='ocrx_word' id='word_1_339' title='bbox 611 2996 717 3047; x_wconf 86' lang='lat' dir='ltr'><strong>occulta</strong></span> <span class='ocrx_word' id='word_1_340' title='bbox 742 3004 769 3046; x_wconf 89' lang='lat' dir='ltr'><strong>et</strong></span> <span class='ocrx_word' id='word_1_341' title='bbox 790 2996 909 3048; x_wconf 83' lang='lat' dir='ltr'><strong>latentia.</strong></span> <span class='ocrx_word' id='word_1_342' title='bbox 942 2997 1047 3058; x_wconf 81' lang='lat' dir='ltr'><strong>Novas,</strong></span> 
     </span>
     <span class='ocr_line' id='line_1_40' title="bbox 122 3063 1050 3133; baseline -0.002 -14"><span class='ocrx_word' id='word_1_343' title='bbox 122 3075 186 3119; x_wconf 75' lang='lat' dir='ltr'><strong>ante</strong></span> <span class='ocrx_word' id='word_1_344' title='bbox 211 3081 266 3119; x_wconf 88' lang='lat' dir='ltr'><strong>non</strong></span> <span class='ocrx_word' id='word_1_345' title='bbox 294 3067 412 3115; x_wconf 80' lang='lat' dir='ltr'><strong>fueraut.</strong></span> <span class='ocrx_word' id='word_1_346' title='bbox 453 3065 587 3125; x_wconf 83' lang='lat' dir='ltr'><strong>Relaxot;</strong></span> <span class='ocrx_word' id='word_1_347' title='bbox 613 3065 707 3131; x_wconf 82' lang='lat' dir='ltr'><strong>aperit.</strong></span> <span class='ocrx_word' id='word_1_348' title='bbox 758 3063 837 3130; x_wconf 84' lang='lat' dir='ltr'><strong>Qua;</strong></span> <span class='ocrx_word' id='word_1_349' title='bbox 863 3082 914 3132; x_wconf 88' lang='lat' dir='ltr'><strong>pro</strong></span> <span class='ocrx_word' id='word_1_350' title='bbox 938 3081 989 3131; x_wconf 87' lang='lat' dir='ltr'><strong>per</strong></span> <span class='ocrx_word' id='word_1_351' title='bbox 1009 3080 1050 3133; x_wconf 67' lang='lat' dir='ltr'><strong>qut</strong></span> 
     </span>
     <span class='ocr_line' id='line_1_41' title="bbox 122 3132 1050 3199; baseline -0.004 -15"><span class='ocrx_word' id='word_1_352' title='bbox 122 3142 165 3194; x_wconf 85' lang='lat'><strong>91.</strong></span> <span class='ocrx_word' id='word_1_353' title='bbox 185 3134 294 3199; x_wconf 78' lang='lat' dir='ltr'><strong>Durot5</strong></span> <span class='ocrx_word' id='word_1_354' title='bbox 319 3132 437 3182; x_wconf 87' lang='lat' dir='ltr'><strong>activum</strong></span> <span class='ocrx_word' id='word_1_355' title='bbox 463 3141 504 3183; x_wconf 91' lang='lat' dir='ltr'><strong>est</strong></span> <span class='ocrx_word' id='word_1_356' title='bbox 526 3134 579 3183; x_wconf 89' lang='lat' dir='ltr'><strong>hic.</strong></span> <span class='ocrx_word' id='word_1_357' title='bbox 613 3132 737 3183; x_wconf 80' lang='lat' dir='ltr'><strong>Dicimus</strong></span> <span class='ocrx_word' id='word_1_358' title='bbox 761 3134 836 3185; x_wconf 87' lang='lat' dir='ltr'><strong>enim</strong></span> <span class='ocrx_word' id='word_1_359' title='bbox 861 3142 889 3185; x_wconf 90' lang='lat' dir='ltr'><strong>et</strong></span> <span class='ocrx_word' id='word_1_360' title='bbox 907 3136 973 3186; x_wconf 85' lang='lat' dir='ltr'><strong>duro</strong></span> <span class='ocrx_word' id='word_1_361' title='bbox 998 3132 1050 3186; x_wconf 81' lang='lat' dir='ltr'><strong>etd</strong></span> 
     </span>
     <span class='ocr_line' id='line_1_42' title="bbox 122 3200 1050 3271; baseline -0.004 -17"><span class='ocrx_word' id='word_1_362' title='bbox 122 3205 193 3255; x_wconf 88' lang='lat' dir='ltr'><strong>duro</strong></span> <span class='ocrx_word' id='word_1_363' title='bbox 218 3203 395 3264; x_wconf 80' lang='lat' dir='ltr'><strong>neutraliter,</strong></span> <span class='ocrx_word' id='word_1_364' title='bbox 421 3211 449 3252; x_wconf 86' lang='lat' dir='ltr'><strong>et</strong></span> <span class='ocrx_word' id='word_1_365' title='bbox 474 3203 567 3253; x_wconf 83' lang='lat' dir='ltr'><strong>dureo.</strong></span> <span class='ocrx_word' id='word_1_366' title='bbox 608 3200 876 3270; x_wconf 83' lang='lat' dir='ltr'><strong>Hiantes;·upcrtas</strong></span> <span class='ocrx_word' id='word_1_367' title='bbox 903 3211 928 3254; x_wconf 88' lang='lat' dir='ltr'><strong>et</strong></span> <span class='ocrx_word' id='word_1_368' title='bbox 949 3210 1050 3271; x_wconf 86' lang='lat' dir='ltr'><strong>patente</strong></span> 
     </span>
     <span class='ocr_line' id='line_1_43' title="bbox 122 3270 1050 3339; baseline -0.001 -18"><span class='ocrx_word' id='word_1_369' title='bbox 122 3278 165 3329; x_wconf 77' lang='lat'><strong>92.</strong></span> <span class='ocrx_word' id='word_1_370' title='bbox 184 3270 226 3321; x_wconf 89' lang='lat' dir='ltr'><strong>Ne</strong></span> <span class='ocrx_word' id='word_1_371' title='bbox 244 3283 340 3320; x_wconf 82' lang='lat' dir='ltr'><strong>tenues</strong></span> <span class='ocrx_word' id='word_1_372' title='bbox 357 3272 486 3335; x_wconf 85' lang='lat' dir='ltr'><strong>pluoioe‚·</strong></span> <span class='ocrx_word' id='word_1_373' title='bbox 515 3280 561 3321; x_wconf 73' lang='lat' dir='ltr'><strong>urit</strong></span> <span class='ocrx_word' id='word_1_374' title='bbox 577 3270 666 3322; x_wconf 83' lang='lat' dir='ltr'><strong>lentae</strong></span> <span class='ocrx_word' id='word_1_375' title='bbox 685 3278 712 3320; x_wconf 87' lang='lat' dir='ltr'><strong>et</strong></span> <span class='ocrx_word' id='word_1_376' title='bbox 727 3271 924 3339; x_wconf 84' lang='lat' dir='ltr'><strong>penetrabiles:</strong></span> <span class='ocrx_word' id='word_1_377' title='bbox 941 3280 989 3323; x_wconf 83' lang='lat' dir='ltr'><strong>eut</strong></span> <span class='ocrx_word' id='word_1_378' title='bbox 1003 3271 1050 3337; x_wconf 84' lang='lat' dir='ltr'><strong>epit</strong></span> 
     </span>
     <span class='ocr_line' id='line_1_44' title="bbox 121 3339 1046 3408; baseline -0.005 -16"><span class='ocrx_word' id='word_1_379' title='bbox 121 3349 162 3393; x_wconf 86' lang='lat' dir='ltr'><strong>est</strong></span> <span class='ocrx_word' id='word_1_380' title='bbox 186 3356 328 3408; x_wconf 82' lang='lat' dir='ltr'><strong>aquarum.</strong></span> <span class='ocrx_word' id='word_1_381' title='bbox 369 3341 472 3406; x_wconf 83' lang='lat' dir='ltr'><strong>[Aquae</strong></span> <span class='ocrx_word' id='word_1_382' title='bbox 496 3341 570 3390; x_wconf 84' lang='lat' dir='ltr'><strong>enirn</strong></span> <span class='ocrx_word' id='word_1_383' title='bbox 595 3339 757 3390; x_wconf 79' lang='lat' dir='ltr'><strong>naturaliter</strong></span> <span class='ocrx_word' id='word_1_384' title='bbox 780 3347 876 3390; x_wconf 87' lang='lat' dir='ltr'><strong>tenues</strong></span> <span class='ocrx_word' id='word_1_385' title='bbox 899 3340 978 3406; x_wconf 78' lang='lat' dir='ltr'><strong>sunt]</strong></span> <span class='ocrx_word' id='word_1_386' title='bbox 1011 3339 1046 3389; x_wconf 80' lang='lat' dir='ltr'><strong>Sic</strong></span> 
     </span>
     <span class='ocr_line' id='line_1_45' title="bbox 121 3407 1050 3476; baseline 0.001 -22"><span class='ocrx_word' id='word_1_387' title='bbox 121 3409 167 3476; x_wconf 82' lang='lat' dir='ltr'><strong>(G,</strong></span> <span class='ocrx_word' id='word_1_388' title='bbox 184 3413 216 3471; x_wconf 73' lang='grc'><strong>4,</strong></span> <span class='ocrx_word' id='word_1_389' title='bbox 232 3407 319 3465; x_wconf 71' lang='grc' dir='ltr'><strong>4Ἰ().)τ</strong></span> <span class='ocrx_word' id='word_1_390' title='bbox 338 3407 392 3455; x_wconf 77' lang='lat' dir='ltr'><strong>Aut</strong></span> <span class='ocrx_word' id='word_1_391' title='bbox 411 3410 442 3456; x_wconf 89' lang='lat' dir='ltr'><strong>in</strong></span> <span class='ocrx_word' id='word_1_392' title='bbox 461 3426 550 3474; x_wconf 75' lang='lat' dir='ltr'><strong>aquas</strong></span> <span class='ocrx_word' id='word_1_393' title='bbox 570 3420 666 3458; x_wconf 85' lang='lat' dir='ltr'><strong>tenues</strong></span> <span class='ocrx_word' id='word_1_394' title='bbox 685 3409 815 3472; x_wconf 82' lang='lat' dir='ltr'><strong>delapsus</strong></span> <span class='ocrx_word' id='word_1_395' title='bbox 835 3408 930 3461; x_wconf 74' lang='lat' dir='ltr'><strong>abibis.</strong></span> <span class='ocrx_word' id='word_1_396' title='bbox 963 3409 1021 3476; x_wconf 80' lang='lat' dir='ltr'><strong>[Alii</strong></span> <span class='ocrx_word' id='word_1_397' title='bbox 1035 3418 1050 3455; x_wconf 81' lang='lat' dir='ltr'><strong>tt</strong></span> 
     </span>
     <span class='ocr_line' id='line_1_46' title="bbox 120 3475 1050 3546; baseline -0.003 -17"><span class='ocrx_word' id='word_1_398' title='bbox 120 3477 243 3541; x_wconf 86' lang='lat' dir='ltr'><strong>inutiles,</strong></span> <span class='ocrx_word' id='word_1_399' title='bbox 260 3475 384 3540; x_wconf 86' lang='lat' dir='ltr'><strong>ieiunae,</strong></span> <span class='ocrx_word' id='word_1_400' title='bbox 400 3492 525 3541; x_wconf 76' lang='lat' dir='ltr'><strong>macrae,</strong></span> <span class='ocrx_word' id='word_1_401' title='bbox 543 3477 641 3544; x_wconf 88' lang='lat' dir='ltr'><strong>quibus</strong></span> <span class='ocrx_word' id='word_1_402' title='bbox 658 3477 828 3528; x_wconf 85' lang='lat' dir='ltr'><strong>contrarium</strong></span> <span class='ocrx_word' id='word_1_403' title='bbox 845 3478 973 3546; x_wconf 56' lang='lat' dir='ltr'><strong>pinguem</strong></span> <span class='ocrx_word' id='word_1_404' title='bbox 996 3485 1050 3527; x_wconf 84' lang='lat' dir='ltr'><strong>utet</strong></span> 
     </span>
    </p>
   </div>
   <div class='ocr_carea' id='block_1_3' title="bbox 205 3669 1050 3944">
    <p class='ocr_par' dir='ltr' id='par_1_3' title="bbox 205 3669 1050 3944">
     <span class='ocr_line' id='line_1_47' title="bbox 205 3669 1044 3720; baseline 0.005 -13"><span class='ocrx_word' id='word_1_405' title='bbox 205 3669 308 3717; x_wconf 80' lang='lat' dir='ltr'><strong>ferumque</strong></span> <span class='ocrx_word' id='word_1_406' title='bbox 330 3680 423 3717; x_wconf 72' lang='lat' dir='ltr'><strong>papaver.</strong></span> <span class='ocrx_word' id='word_1_407' title='bbox 451 3669 479 3705; x_wconf 71' lang='lat' dir='ltr'><strong>lit</strong></span> <span class='ocrx_word' id='word_1_408' title='bbox 499 3670 523 3705; x_wconf 79' lang='lat' dir='ltr'><strong>ed</strong></span> <span class='ocrx_word' id='word_1_409' title='bbox 545 3670 634 3707; x_wconf 81' lang='lat' dir='ltr'><strong>dolorum</strong></span> <span class='ocrx_word' id='word_1_410' title='bbox 654 3670 812 3708; x_wconf 75' lang='lat' dir='ltr'><strong>obliviscendum</strong></span> <span class='ocrx_word' id='word_1_411' title='bbox 831 3671 852 3708; x_wconf 86' lang='lat' dir='ltr'><strong>in</strong></span> <span class='ocrx_word' id='word_1_412' title='bbox 871 3672 981 3720; x_wconf 74' lang='lat' dir='ltr'><strong>potionibus</strong></span> <span class='ocrx_word' id='word_1_413' title='bbox 994 3672 1044 3710; x_wconf 63' lang='lat' dir='ltr'><strong>daw-</strong></span> 
     </span>
     <span class='ocr_line' id='line_1_48' title="bbox 206 3724 1050 3778; baseline 0.004 -14"><span class='ocrx_word' id='word_1_414' title='bbox 206 3727 265 3765; x_wconf 70' lang='lat' dir='ltr'><strong>ceres</strong></span> <span class='ocrx_word' id='word_1_415' title='bbox 281 3734 354 3770; x_wconf 80' lang='lat' dir='ltr'><strong>rnnlrr,</strong></span> <span class='ocrx_word' id='word_1_416' title='bbox 371 3724 486 3772; x_wconf 72' lang='lat' dir='ltr'><strong>Proserpina</strong></span> <span class='ocrx_word' id='word_1_417' title='bbox 498 3728 627 3771; x_wconf 80' lang='lat' dir='ltr'><strong>uduruucntc,</strong></span> <span class='ocrx_word' id='word_1_418' title='bbox 643 3727 714 3765; x_wconf 80' lang='lat' dir='ltr'><strong>dieitur</strong></span> <span class='ocrx_word' id='word_1_419' title='bbox 729 3728 771 3765; x_wconf 73' lang='lat' dir='ltr'><strong>ribo</strong></span> <span class='ocrx_word' id='word_1_420' title='bbox 787 3730 891 3778; x_wconf 60' lang='lat' dir='ltr'><strong>pepuleris</strong></span> <span class='ocrx_word' id='word_1_421' title='bbox 907 3730 990 3768; x_wconf 65' lang='lat' dir='ltr'><strong>urbitalia</strong></span> <span class='ocrx_word' id='word_1_422' title='bbox 1001 3726 1050 3765; x_wconf 66' lang='lat' dir='ltr'><strong>ultlffl·</strong></span> 
     </span>
     <span class='ocr_line' id='line_1_49' title="bbox 205 3781 1050 3832; baseline 0.006 -13"><span class='ocrx_word' id='word_1_423' title='bbox 205 3783 258 3819; x_wconf 79' lang='lat' dir='ltr'><strong>euim</strong></span> <span class='ocrx_word' id='word_1_424' title='bbox 278 3795 376 3829; x_wconf 71' lang='lat' dir='ltr'><strong>pupuvcru</strong></span> <span class='ocrx_word' id='word_1_425' title='bbox 396 3783 514 3824; x_wconf 71' lang='lat' dir='ltr'><strong>manducet,</strong></span> <span class='ocrx_word' id='word_1_426' title='bbox 534 3785 572 3819; x_wconf 83' lang='lat' dir='ltr'><strong>cito</strong></span> <span class='ocrx_word' id='word_1_427' title='bbox 593 3797 662 3821; x_wconf 78' lang='lat' dir='ltr'><strong>sumno</strong></span> <span class='ocrx_word' id='word_1_428' title='bbox 682 3785 783 3832; x_wconf 82' lang='lat' dir='ltr'><strong>premitur.</strong></span> <span class='ocrx_word' id='word_1_429' title='bbox 814 3786 901 3823; x_wconf 73' lang='lat' dir='ltr'><strong>Lernaeo</strong></span> <span class='ocrx_word' id='word_1_430' title='bbox 923 3789 993 3824; x_wconf 58' lang='lat' dir='ltr'><strong>(nureo</strong></span> <span class='ocrx_word' id='word_1_431' title='bbox 1009 3781 1050 3821; x_wconf 59' lang='grc' dir='ltr'><strong>ΝΜ</strong></span> 
     </span>
     <span class='ocr_line' id='line_1_50' title="bbox 206 3836 1050 3888; baseline 0.002 -13"><span class='ocrx_word' id='word_1_432' title='bbox 206 3846 248 3883; x_wconf 74' lang='lat' dir='ltr'><strong>ent,</strong></span> <span class='ocrx_word' id='word_1_433' title='bbox 263 3841 315 3888; x_wconf 73' lang='lat' dir='ltr'><strong>«pind</strong></span> <span class='ocrx_word' id='word_1_434' title='bbox 331 3846 360 3876; x_wconf 81' lang='lat' dir='ltr'><strong>cst</strong></span> <span class='ocrx_word' id='word_1_435' title='bbox 374 3839 487 3879; x_wconf 75' lang='lat' dir='ltr'><strong>obliviouc;</strong></span> <span class='ocrx_word' id='word_1_436' title='bbox 508 3853 586 3877; x_wconf 80' lang='lat' dir='ltr'><strong>sumnus</strong></span> <span class='ocrx_word' id='word_1_437' title='bbox 602 3841 654 3878; x_wconf 77' lang='lat' dir='ltr'><strong>cuiun</strong></span> <span class='ocrx_word' id='word_1_438' title='bbox 670 3842 789 3878; x_wconf 65' lang='lat' dir='ltr'><strong>oblivioni-nr</strong></span> <span class='ocrx_word' id='word_1_439' title='bbox 805 3843 858 3879; x_wconf 78' lang='lat' dir='ltr'><strong>fucit.</strong></span> <span class='ocrx_word' id='word_1_440' title='bbox 887 3845 927 3880; x_wconf 77' lang='lat' dir='ltr'><strong>sed</strong></span> <span class='ocrx_word' id='word_1_441' title='bbox 940 3836 1050 3880; x_wconf 65' lang='lat' dir='ltr'><strong>bellismia!</strong></span> 
     </span>
     <span class='ocr_line' id='line_1_51' title="bbox 205 3894 1042 3944; baseline 0.004 -12"><span class='ocrx_word' id='word_1_442' title='bbox 205 3894 230 3933; x_wconf 78' lang='lat' dir='ltr'><strong>lis</strong></span> <span class='ocrx_word' id='word_1_443' title='bbox 244 3897 316 3933; x_wconf 80' lang='lat' dir='ltr'><strong>fluvitu</strong></span> <span class='ocrx_word' id='word_1_444' title='bbox 331 3894 415 3938; x_wconf 87' lang='lat' dir='ltr'><strong>dicitur,</strong></span> <span class='ocrx_word' id='word_1_445' title='bbox 431 3895 455 3931; x_wconf 89' lang='lat' dir='ltr'><strong>dc</strong></span> <span class='ocrx_word' id='word_1_446' title='bbox 470 3909 508 3943; x_wconf 83' lang='lat' dir='ltr'><strong>quo</strong></span> <span class='ocrx_word' id='word_1_447' title='bbox 524 3897 555 3944; x_wconf 79' lang='lat' dir='ltr'><strong>qui</strong></span> <span class='ocrx_word' id='word_1_448' title='bbox 573 3897 652 3941; x_wconf 80' lang='lat' dir='ltr'><strong>bibunt,</strong></span> <span class='ocrx_word' id='word_1_449' title='bbox 667 3898 764 3936; x_wconf 79' lang='lat' dir='ltr'><strong>laboriosa</strong></span> <span class='ocrx_word' id='word_1_450' title='bbox 780 3898 837 3936; x_wconf 81' lang='lat' dir='ltr'><strong>liuius</strong></span> <span class='ocrx_word' id='word_1_451' title='bbox 853 3901 905 3938; x_wconf 80' lang='lat' dir='ltr'><strong>vilnc</strong></span> <span class='ocrx_word' id='word_1_452' title='bbox 921 3900 1042 3937; x_wconf 67' lang='lat' dir='ltr'><strong>obfirmantu-</strong></span> 
     </span>
    </p>
   </div>
   <div class='ocr_carea' id='block_1_4' title="bbox 148 3968 1050 4083">
    <p class='ocr_par' dir='ltr' id='par_1_4' title="bbox 148 3968 1050 4083">
     <span class='ocr_line' id='line_1_52' title="bbox 148 3968 1050 4070; baseline 0.006 -58"><span class='ocrx_word' id='word_1_453' title='bbox 148 3972 186 4024; x_wconf 80' lang='grc'><strong>88)</strong></span> <span class='ocrx_word' id='word_1_454' title='bbox 206 3975 240 4042; x_wconf 42' lang='grc' dir='ltr'><strong>Ιῦ.</strong></span> <span class='ocrx_word' id='word_1_455' title='bbox 254 3975 351 4070; x_wconf 43' lang='lat' dir='ltr'><strong>{adm</strong></span> <span class='ocrx_word' id='word_1_456' title='bbox 372 3988 407 4022; x_wconf 81' lang='lat' dir='ltr'><strong>per</strong></span> <span class='ocrx_word' id='word_1_457' title='bbox 421 3975 491 4012; x_wconf 73' lang='lat' dir='ltr'><strong>brt-ves</strong></span> <span class='ocrx_word' id='word_1_458' title='bbox 506 3988 613 4021; x_wconf 74' lang='lat' dir='ltr'><strong>cavernas,</strong></span> <span class='ocrx_word' id='word_1_459' title='bbox 632 3990 668 4027; x_wconf 85' lang='lat' dir='ltr'><strong>pcr</strong></span> <span class='ocrx_word' id='word_1_460' title='bbox 683 3991 731 4028; x_wconf 81' lang='lat' dir='ltr'><strong>quus</strong></span> <span class='ocrx_word' id='word_1_461' title='bbox 745 3978 838 4018; x_wconf 75' lang='lat' dir='ltr'><strong>sudorem</strong></span> <span class='ocrx_word' id='word_1_462' title='bbox 851 3988 909 4030; x_wconf 76' lang='lat' dir='ltr'><strong>parat</strong></span> <span class='ocrx_word' id='word_1_463' title='bbox 923 3979 1015 4021; x_wconf 72' lang='lat' dir='ltr'><strong>buculus,</strong></span> <span class='ocrx_word' id='word_1_464' title='bbox 1027 3968 1050 4010; x_wconf 48' lang='grc' dir='ltr'><em>ἦ</em></span> 
     </span>
     <span class='ocr_line' id='line_1_53' title="bbox 205 4037 385 4083; baseline -0.017 -12"><span class='ocrx_word' id='word_1_465' title='bbox 205 4044 248 4083; x_wconf 77' lang='lat' dir='ltr'><strong>apta</strong></span> <span class='ocrx_word' id='word_1_466' title='bbox 278 4037 385 4072; x_wconf 70' lang='lat' dir='ltr'><strong>senioreto.</strong></span> 
     </span>
    </p>
   </div>
   <div class='ocr_carea' id='block_1_5' title="bbox 0 0 1148 4514">
    <p class='ocr_par' dir='ltr' id='par_1_5' title="bbox 0 0 1148 4514">
     <span class='ocr_line' id='line_1_54' title="bbox 0 0 1148 4514; baseline 0 3"><span class='ocrx_word' id='word_1_467' title='bbox 0 0 1148 4514; x_wconf 95' lang='lat' dir='ltr'><strong> </strong></span> 
     </span>
    </p>
   </div>
  </div>
 </body>
</html>
