2424 4506
73 240 76 247 ’
158 282 226 349 sao
362 354 365 359 ¹
422 272 554 339 raom
577 270 938 339 consuescamus

160 459 286 516 mnam
302 458 446 514 aarum
469 460 645 515 anisam.
678 461 739 513 noe
755 458 914 513 vascam
935 458 966 513 n
980 456 1054 511 aen
1159 443 1208 523 ,Cea

161 546 298 594 arcanae,
314 547 386 599 quae
402 532 507 585 Eleusis
524 532 692 602 appellatur,
716 530 753 583 ab
776 530 878 599 oppido
894 528 1019 582 Eleusine
1032 516 1203 599 affluo,

163 600 193 653 id
216 600 320 651 ducunt
342 599 432 651 boves
468 602 517 651 Est
539 610 684 670 praeterea
701 598 788 653 olivae
805 598 899 651 viridis
914 598 1025 667 siliqua,
1043 596 1069 648 io
1152 577 1208 657 llam

162 669 196 721 in
210 684 265 737 qno
281 668 347 721 [aba
363 668 493 721 nascitur.
508 697 543 707 —
577 676 640 727 201.
656 668 808 733 Laustasa,
831 684 918 737 genus
939 662 1044 735 navigii·
1071 695 1118 713 --
1135 648 1208 729 -Hm,

165 754 282 803 sumque
310 754 425 805 gregem
456 739 590 791 Adrastea
618 737 740 808 capella,
767 752 840 807 quae
866 735 991 789 educarit
1010 734 1161 785 lutet:u
1176 752 1208 801 m

164 806 276 871 hoedis,
297 810 334 857 ob
357 810 410 857 hoc
427 806 594 860 beneficium
615 808 645 859 in
661 806 796 859 sideribus
811 812 919 859 sacrata
935 812 990 869 est,
1010 816 1074 873 quor
1087 806 1208 883 flue..

163 882 225 925 tum
248 876 356 943 pluviae
377 884 537 945 sequrmtur.
570 876 607 925 m
624 876 740 927 lucidus
764 878 886 942 angam,-
908 874 995 927 &eoo
1015 870 1197 951 ειίϋὶιῃ

162 944 320 1016 puellarum
332 944 515 1014 Hesperidum
532 944 654 1014 pomarii
669 951 774 1009 erutos,
789 944 891 995 relatus
904 943 981 995 inter
995 940 1078 993 sidera
1091 971 1119 1000 2
1140 950 1189 999 ute.

164 1028 262 1065 secare
283 1012 351 1066 duos
373 1014 584 1083 septentriones,
607 1029 680 1083 quae
702 1013 796 1065 omnia
812 1028 917 1081 genera
930 1010 1069 1065 aetnam
1093 1010 1180 1081 top
1207 1064 1208 1069 ,

164 1088 267 1143 statem
288 1080 452 1150 significant.
490 1082 537 1135 Ait
565 1098 650 1151 ergo,
678 1088 737 1133 tam
764 1080 919 1149 agrestibus
943 1076 1126 1131 otnumda
1140 1092 1172 1135 a.
1202 1117 1208 1145 ,

164 1150 293 1202 coelestia
310 1151 388 1218 signa
406 1166 490 1219 qnam
507 1150 713 1219 navigantibus,
785 1166 802 1201 a
818 1150 941 1217 utrisque
956 1155 1071 1201 noceant
1087 1150 1163 1215 uqa·
1183 1206 1186 1213 ¹

165 1226 257 1271 statos.
291 1219 462 1271 (tstriterum
477 1227 571 1275 autem
588 1219 656 1272 dicit
671 1218 730 1287 llby
749 1234 816 1283 um,
836 1218 912 1287 quod
935 1216 978 1270 ibi
999 1222 1085 1269 ostrea
1103 1222 1155 1279 ρ
1179 1221 1191 1279 j

163 1296 264 1339 raartnr
286 1288 483 1358 copiosissima.
498 1313 533 1326 -
566 1294 629 1346 208.
652 1286 743 1340 Libra
766 1288 813 1339 die
828 1292 896 1349 etc.;
993 1284 1201 1353 ‘scamma

166 1355 306 1409 stumnale
328 1356 479 1427 descripsit.
516 1356 633 1409 Somnus
656 1357 733 1410 enirn
754 1354 914 1409 noctemsi
956 1355 963 1367 ‘
1016 1360 1036 1405 t.
1070 1352 1148 1405 Vm
1180 1355 1208 1413 {1⁶

164 1424 372 1493 aequinoctium
393 1424 426 1477 fit
449 1424 481 1478 in
502 1425 609 1493 Ariete,
630 1424 806 1478 suommnale
826 1424 857 1477 in
879 1423 978 1477 Libra.
992 1447 1028 1463 ·-
1064 1414 1146 1479 2120*

166 1494 241 1545 seule
263 1510 402 1562 papaten
432 1492 543 1547 cereale
564 1495 618 1560 att,
644 1494 710 1563 quie
731 1494 761 1547 in
784 1500 879 1562 segete
901 1492 1032 1546 anatur.
1052 1516 1085 1529 -·
1112 1486 1149 1547 ili
1187 1483 1208 1526 ’l

166 1564 239 1612 Ante
254 1564 310 1613 tibi
327 1570 395 1627 etc.;
410 1562 433 1615 si
450 1564 481 1615 in
496 1562 551 1615 boo
568 1562 755 1629 exercebitur,
770 1570 802 1614 nt
817 1561 943 1615 triticum
959 1560 1086 1635 accipiat,
1100 1566 1153 1627 μ

164 1630 269 1699 inquit,
292 1631 420 1683 occidant
436 1632 590 1700 vergiliae,
612 1638 642 1683 et
653 1646 756 1684 corona
772 1628 920 1699 meinos,
942 1646 1029 1701 quam
1043 1632 1156 1681 sem
1191 1667 1208 1679 ..

164 1700 258 1753 iacias.
290 1698 422 1753 Matutini
445 1708 555 1753 exortus
571 1700 630 1752 an
645 1700 792 1769 significat.
824 1700 880 1753 uos
899 1699 979 1753 enim
1104 1696 1159 1747 Ἰ·
1202 1708 1208 1735 ·“

163 1785 241 1821 rora.
272 1769 387 1821 Atlantis
403 1777 499 1821 autem
514 1769 589 1822 filiae
611 1776 677 1821 sunt
691 1768 844 1853 Vergiliaet
865 1768 972 1821 idcirco
1010 1766 1161 1821 mutan

164 1845 271 1889 cantur.
303 1837 437 1892 Ariadnes
453 1842 548 1891 antem'
564 1854 686 1891 coronae
705 1838 768 1893 talu
784 1837 899 1891 historia
919 1836 1050 1891 traditum
1078 1834 1164 1889 stan

165 1916 209 1955 tus
233 1904 355 1958 'Ilicseus
379 1909 415 1959 ab
437 1906 572 1973 Ariadne,
594 1922 660 1959 cuns
684 1906 742 1959 eius
765 1906 851 1979 opera
873 1906 1022 1961 interfecto
1037 1904 1164 1959 Missum

165 1974 329 2043 Labyrinthi
346 1977 474 2028 evasisset
489 1991 630 2039 errorem,
655 1982 685 2028 et
699 1983 860 2046 corruptam
875 1975 907 2028 iu
922 1974 1014 2029 insula
1029 1974 1113 2027 Diana
1123 1971 1167 2025 dts·

164 2044 302 2095 mientem
318 2044 480 2113 reliquisset,
495 2045 583 2097 Liber
601 2062 665 2099 eam
682 2044 827 2112 adamavit,
843 2051 873 2097 et
886 2044 946 2097 eius
962 2044 1049 2115 capiti
1063 2056 1169 2097 eoram

164 2112 319 2163 detractam
341 2114 417 2164 misit
441 2114 617 2183 incoelum,
640 2129 712 2183 quae
728 2114 801 2166 sidtu
817 2114 892 2166 tacta
908 2120 964 2179 est,
985 2114 1062 2183 quod
1076 2118 1115 2167 est
1125 2114 1171 2179 μ
1187 2109 1191 2122 ’

166 2180 328 2248 Erigonem.
367 2184 460 2249 ipsam
483 2190 578 2235 autem
600 2182 765 2249 Ariadnem,
786 2182 967 2233 matrimonio
989 2182 1045 2235 sibi
1065 2182 1172 2247 itum,
1206 2243 1208 2249 ¹

165 2249 300 2301 Liberam
316 2253 469 2321 appellavit,
485 2251 696 2304 immortalitate
714 2253 853 2302 donatam.
887 2250 993 2303 Gnosis
1009 2259 1103 2305 autem
1116 2248 1172 2313 diat
1200 2250 1208 2298 t

165 2318 203 2369 ab
220 2320 322 2387 oppido
340 2324 434 2372 Gnoso
453 2322 561 2373 Cretae.
578 2346 613 2357 -
646 2324 709 2378 225.
726 2319 815 2371 Multi
832 2326 900 2382 etc.;
925 2320 1008 2372 multi
1032 2328 1095 2373 ente
1114 2334 1173 2369 Μ·
1198 2355 1206 2378 ι

164 2404 227 2437 sum
244 2390 427 2457 Vergiliarum
444 2397 599 2442 sementem
614 2389 756 2454 lecerunt,
776 2389 824 2441 sed
838 2388 956 2441 inanem
973 2406 1093 2443 messem
1106 2396 1173 2440 sustr-
1202 2453 1208 2465 Ι

162 2455 263 2507 lerunt.
298 2460 376 2510 Maia
392 2468 488 2518 antem
510 2475 566 2511 nna
583 2466 624 2509 est
640 2474 673 2509 ex
689 2457 824 2525 vergiliis.
841 2482 877 2494 —
917 2468 981 2516 227.
997 2459 1173 2515 arvernem
1200 2471 1208 2511 ⁴.

164 2526 263 2576 ciceris
280 2536 322 2577 est
337 2545 438 2596 gentis,
464 2528 538 2596 qnod
555 2525 697 2596 phaselum
713 2535 820 2578 vocant.
852 2526 988 2580 Vicisest
1008 2544 1097 2598 aeque
1115 2526 1173 2591 legs
1205 2560 1208 2570 ·

163 2594 248 2645 minis
272 2612 373 2664 genus,
400 2597 483 2649 lentis
514 2595 712 2664 magnitudine.
757 2594 929 2647 Pelusiacam
960 2596 1067 2649 lentem
1087 2595 1174 2648 dicits

163 2662 271 2714 Pelusio
288 2667 390 2735 oppido
407 2666 536 2736 Aegypti,
559 2684 576 2717 a
599 2679 654 2733 quo
677 2663 800 2716 fluminis
816 2665 873 2716 Nili
896 2681 984 2717 unum
1000 2667 1100 2718 ostium
1114 2662 1174 2715 Pete

163 2732 271 2784 siacum
295 2736 402 2785 dicitnr.
444 2736 558 2804 Optima
580 2733 639 2784 lens
662 2731 692 2783 in
714 2736 836 2801 Aegypto
860 2735 991 2785 nascitur.
1031 2736 1126 2787 Bootes
1143 2736 1174 2783 est

162 2801 240 2852 stella
256 2803 286 2852 in
303 2802 523 2871 Arctophylacis,
547 2810 578 2852 ut
594 2801 719 2872 plerique
735 2809 848 2872 putant,
863 2802 992 2865 baltheo;
1015 2811 1048 2854 ut
1064 2802 1107 2857 alii
1121 2798 1174 2876 tnti3

163 2878 244 2935 cant,
268 2870 297 2922 in
321 2872 454 2933 humero;
485 2873 557 2922 dicta
581 2887 598 2922 a
623 2868 720 2921 bubus.
764 2871 838 2922 Nam
861 2872 980 2936 triones,
1002 2888 1072 2940 quos
1094 2872 1175 2923 Grsett

163 2939 232 2990 duas
249 2955 325 2992 ursas
342 2949 453 3005 vocant,
468 2940 595 2992 Helicem
614 2946 641 2989 et
658 2939 846 3006 Cynosuram,
862 2940 893 2991 in
911 2940 1062 2993 barbarica
1079 2940 1175 3021 spbeetl

161 3008 317 3075 plaustrum
334 3026 407 3074 esse,
430 3010 505 3078 quod
528 3009 644 3061 ducatur
668 3025 684 3059 e
706 3006 797 3058 bubus
818 3008 928 3061 iunctis.
961 3009 1047 3061 Cuius
1064 3029 1103 3063 rer
1116 3006 1176 3061 tatis

162 3084 205 3126 est
221 3076 377 3143 Getulicus,
392 3094 457 3129 cum
473 3079 513 3130 ait
529 3078 563 3129 de
578 3075 732 3127 Britannis:
759 3076 821 3129 Non
839 3079 910 3129 aries
926 3078 1008 3130 illum
1026 3095 1107 3133 verno
1120 3080 1177 3131 leret

164 3148 229 3197 aire
260 3162 364 3213 cornu,
394 3147 499 3198 Gnosia
527 3163 580 3198 neo
611 3144 716 3213 gemini
747 3146 911 3215 praecidunt
933 3162 1043 3201 cornua
1064 3150 1175 3205 Tarson,

162 3212 241 3265 Sicca
253 3213 409 3282 Lycaonius
422 3215 563 3285 resupinat
578 3213 699 3283 plaustra
716 3212 824 3267 Bootes.
836 3240 870 3253 -
905 3222 969 3273 233.
986 3215 1175 3287 Quinqusetc3
1206 3226 1208 3231 '

163 3282 263 3333 mundi
279 3284 379 3334 caloris
397 3292 425 3336 et
440 3283 552 3336 luminis
568 3282 609 3332 sol
624 3297 707 3334 causa
724 3290 774 3334 est.
806 3284 873 3335 Eius
890 3292 986 3337 autem
999 3288 1064 3339 talis
1080 3293 1118 3341 est
1129 3298 1177 3335 our·

163 3366 225 3416 sus,
247 3358 278 3400 ut
302 3369 393 3419 neque
418 3353 492 3404 intra
515 3349 686 3403 solstitialem
709 3350 844 3403 circulum
868 3352 905 3405 ad
928 3370 978 3405 nos
994 3356 1120 3420 accedat,
1136 3365 1176 3405 nst

163 3419 235 3471 ultra
252 3418 410 3471 brumalem
433 3421 573 3490 procedat.
606 3418 688 3471 Radii
712 3428 806 3472 autem
829 3421 887 3472 eius
911 3422 961 3474 ubi
983 3424 1127 3489 deficiunt,
1146 3418 1178 3473 iti

163 3504 277 3540 necesse
294 3496 336 3539 est
352 3506 410 3541 esse
433 3492 536 3559 frigus,
558 3503 624 3538 cnm
646 3488 778 3540 tenebris.
810 3489 950 3542 Deficiunt
966 3502 1065 3545 autem
1081 3494 1133 3547 eius
1145 3506 1178 3543 rr·

162 3556 203 3607 dii
219 3555 335 3621 bruma,
351 3557 386 3609 ad
402 3558 646 3628 septentrionalem
663 3557 812 3621 circsdum3
829 3559 869 3611 ibi
887 3577 954 3627 ergo
970 3563 1062 3630 frigus
1078 3572 1117 3614 est
1128 3573 1178 3612 cun

163 3625 339 3677 obscuritate.
373 3626 417 3678 Sol
439 3637 548 3693 autem,
571 3626 618 3694 qui
641 3626 797 3679 brumalem
822 3636 850 3678 et
871 3628 1047 3683 solstitialem
1063 3630 1179 3685 circultm

162 3694 287 3760 conticit,
310 3711 434 3746 annisum
456 3712 584 3759 cursum,
611 3703 700 3746 totam
723 3696 795 3747 hanc
818 3697 941 3750 mediam
964 3704 1111 3769 regionem
1130 3698 1179 3761 snit,

163 3779 234 3831 quae
250 3762 349 3815 Latine
374 3773 484 3817 vocatur
510 3765 591 3832 plaga
614 3764 718 3816 adusta.
755 3766 794 3815 Ex
818 3785 854 3819 ea
879 3784 951 3834 quae
974 3765 1178 3838 septentrionis

165 3839 219 3895 est,
235 3831 274 3881 ibi
291 3832 423 3884 deficiunt
439 3834 501 3884 solis
518 3833 604 3897 radii,
627 3841 656 3884 et
672 3834 735 3901 qnia
752 3834 855 3903 frigide
872 3844 929 3901 est,
954 3845 983 3889 et
999 3841 1130 3903 obscma,
1142 3834 1179 3890 iti·

162 3916 211 3965 gns
229 3900 258 3951 in
274 3901 428 3971 proximam
451 3903 596 3970 regionem
619 3903 760 3969 pervenit,
783 3913 811 3956 et
827 3904 960 3957 miscetur
978 3908 1083 3975 calori,
1104 3907 1145 3978 qui
1157 3917 1181 3957 sl

163 3967 257 4020 adusta
280 3971 396 4038 regione
419 3972 449 4025 in
472 3971 591 4024 eandem
613 3975 720 4034 fertur,
744 3979 772 4022 et
795 3971 915 4023 efficitur
937 3982 967 4028 te
1038 3986 1099 4031 rata
1113 3975 1183 4045 regio,

165 4033 194 4087 in
211 4052 265 4105 qua
282 4055 391 4108 sumus,
414 4048 545 4112 quaeest
567 4037 734 4093 habitabilis.
767 4040 877 4096 Alteras
899 4041 973 4100 duae
996 4046 1184 4107 inhabitabiles.
