2424 4506
150 252 214 319 138
404 248 542 313 suuvn
564 249 917 315 COMMENTARIUS

1201 356 1208 400 l

89 491 92 503 Ι
145 431 422 513 intelligatldulsus
439 432 607 515 hyacintho,-
630 435 706 503 apud
724 442 831 515 veteres
854 436 1109 519 unisquisque-eo,
1131 456 1172 491 ιιι.
1194 414 1208 507 l

147 519 197 571 per
215 503 288 571 quod
304 506 426 569 iacebat,
439 506 540 623 pilleus
558 504 708 557 dicebatur.
742 505 862 555 Lucilius
885 523 914 556 m
937 514 1034 559 tertio:
1059 508 1097 559 Et
1117 504 1171 575 pul·
1196 522 1208 569 1.

147 573 213 622 vino
226 572 338 641 fultus:
365 573 438 640 Virgi
449 573 490 623 ius
507 579 582 639 (sien.
598 579 630 637 7,
647 576 715 634 940:
742 575 830 640 Atque
846 574 949 623 lterum
966 574 1085 644 effultus
1101 588 1169 645 terge
1201 573 1208 650 1

147 638 210 705 eto]
226 667 261 678 -·
295 648 337 698 54.
355 642 423 692 llice
441 642 492 691 sul
513 644 611 708 nigra3
637 641 678 692 vel
702 642 848 706 umbrosa,
872 643 915 693 sel
938 660 1059 698 reuera
1082 646 1169 715 nigras
1198 659 1208 703 ··,

147 725 212 758 nam
229 708 290 759 talis
308 716 354 759 est.
374 708 527 759 -Polleutes
544 711 671 760 ruminat
683 708 797 775 berlum
815 710 941 776 revomit,
957 718 987 764 et
1003 710 1095 765 denuo
1110 729 1168 765 eon·
1195 705 1206 774 1

146 778 230 828 sumit
245 780 339 845 [atque
358 780 457 827 iterum
475 790 555 844 pasto
573 782 701 843 poscitur
716 791 783 837 onte
801 780 880 832 elbo.-
898 779 937 831 sic
950 778 1165 849 Ovidiualdmor.
1178 833 1189 855 ἱ,
1199 777 1206 840 l

147 844 317 910 3,2,1δ.1].
351 845 520 898 Ruminalis
540 855 632 899 nutem
650 847 723 899 dieta
740 854 782 898 est
797 864 814 897 a
831 864 928 912 ruma,
953 849 1094 901 eminente
1113 858 1167 917 gut·
1197 856 1205 919 ',

146 915 215 965 tusis
232 922 326 983 parte:
349 932 399 983 per
416 930 500 982 quam
517 914 649 966 demissus
665 915 742 967 cibus
759 932 776 966 a
792 916 874 966 certis
891 926 1036 969 revocatur
1052 916 1173 977 animali·¹
1198 940 1208 1009 p

146 984 205 1033 bus.
240 982 376 1033 Pallentes
393 991 486 1035 autem
504 984 546 1035 vel
561 983 665 1034 aridas:
689 982 729 1035 vel
751 999 821 1051 quae
838 984 938 1037 ventris
954 984 1047 1036 calore
1062 985 1165 1057 propr‘n
1194 1011 1208 1093 p

145 1049 282 1103 viriditate
306 1060 462 1103 caruerunt.
487 1078 521 1089 -
568 1058 610 1109 55.
635 1053 691 1101 Aue
713 1054 840 1120 aliquam
865 1055 897 1102 in
922 1071 1025 1121 magne
1047 1057 1165 1121 sequitat
1186 1066 1204 1121 Ἰ

146 1137 244 1187 grege,
268 1119 417 1187 [aliquom,
440 1122 460 1172 i.
483 1138 521 1184 e.,
544 1117 675 1184 vaccam]
708 1122 746 1171 Ac
769 1120 792 1171 si
817 1120 935 1173 disereti
957 1122 1050 1175 Habea
1072 1120 1164 1191 mquid
1190 1142 1206 1189 ῳ·

145 1190 217 1258 spei:
236 1187 371 1255 siquidem
386 1190 463 1240 novit
479 1204 574 1239 amare
591 1202 675 1256 quem
692 1187 787 1256 diligis.
823 1189 982 1241 Notandum
999 1198 1095 1243 autem
1109 1206 1162 1259 gre-
1202 1222 1208 1231 -

166 1274 207 1307 ern
224 1274 295 1308 eum
319 1257 353 1308 de
377 1257 465 1307 bubus
488 1257 599 1322 dixisse,
625 1273 690 1307 cum
716 1256 853 1327 [proprie]
886 1260 1019 1309 Armenta
1044 1258 1163 1311 dicamus

145 1277 225 1377 licet
248 1340 313 1391 grex
336 1324 371 1374 sit
395 1325 582 1393 quorumlibet
605 1324 768 1376 animalium
792 1326 979 1394 congregatio.
1012 1326 1056 1379 Sic
1073 1328 1162 1381 cion
1201 1390 1206 1396 Ι

144 1394 174 1444 in
190 1392 346 1462 Philippicis
363 1399 403 1459 (3,
422 1391 488 1455 12.):
513 1392 599 1444 Fudit
616 1394 778 1459 apothecas,
801 1394 901 1444 cecidit
918 1408 1018 1462 greges
1034 1406 1162 1462 sarmento·

146 1480 216 1514 rum.
251 1461 378 1512 Claudite
403 1462 555 1529 nymphae,
583 1462 682 1514 melius
705 1463 758 1513 hoc
780 1480 797 1514 a
822 1478 940 1529 persona
962 1463 1110 1531 Pasiphaes
1129 1462 1164 1517 di·

144 1538 221 1581 etum
244 1529 406 1599 accipimus:
431 1538 461 1580 ut
483 1531 556 1582 slicat
577 1530 697 1596 Silenus,
719 1531 773 1581 boc
797 1530 874 1583 illam
898 1532 1046 1605 aliquando¹
1063 1533 1163 1587 dixisse:
1206 1556 1208 1562 v

144 1600 285 1667 [Claudite
304 1600 410 1663 saltus,
434 1599 588 1652 scilicetne
605 1599 684 1651 latius
702 1607 846 1663 evagetur,
869 1614 957 1667 eoque
973 1601 1067 1653 miuus
1089 1602 1164 1671 punis
1184 1610 1208 1655 i*

143 1665 307 1735 investigari.
326 1694 361 1704 —
395 1674 437 1724 57.
454 1667 486 1717 Si
503 1685 574 1733 qua3
595 1683 647 1739 pro
670 1669 712 1731 si,
734 1668 776 1719 vel
798 1669 828 1717 εἰ
843 1684 897 1734 quo
916 1670 1006 1720 modo.
1040 1670 1162 1735 Dienses

144 1736 230 1788 Dictis
248 1752 326 1786 anons
343 1737 373 1787 in
385 1735 476 1802 Creta,
493 1736 523 1787 in
541 1752 595 1803 quo
611 1736 745 1802 Pasiphai
762 1752 867 1787 amasse
884 1743 997 1788 taurum
1013 1738 1162 1805 dieitur-,J-

144 1810 186 1861 58.
203 1805 372 1855 Errabunda
397 1804 476 1855 bovis
499 1807 636 1871 vestigio,-
658 1804 726 1855 illud
748 1821 780 1856 ex
800 1803 892 1868 ressit,
916 1806 991 1872 quod
1014 1822 1071 1859 uno
1087 1808 1160 1871 serbo

143 1876 278 1925 Homerus
295 1874 347 1938 ait,
371 1868 504 1925 εἰλίποδας
519 1871 600 1942 βοῦς,
624 1874 678 1925 1ιοο
696 1879 749 1935 est,
773 1822 849 1923 lieris
872 1873 989 1941 pedibus
1005 1874 1160 1929 incedentes.

143 1942 191 2008 [Et
206 1948 248 1994 est
263 1941 455 2008 Participium,
478 1958 564 2010 prope
581 1950 677 1993 corsua
693 1940 831 1992 rationem
846 1938 1012 2008 figuratrrm:
1037 1944 1082 1997 vel
1096 1962 1161 1997 erra·
1190 2004 1204 2015 ι

146 2009 253 2074 hunda,
270 2011 405 2072 errantia,
422 2017 453 2059 ut
468 2010 648 2074 ludibundus,
664 2010 776 2072 ludens,
792 2010 890 2060 Cicero
908 2010 950 2075 (iu
967 2012 1052 2079 Verr.¹
1101 2012 1178 2077 illsv

145 2080 251 2131 Omnia
269 2079 445 2127 ludibundus
463 2078 624 2145 conficiens.
650 2077 780 2138 Nostris;
797 2078 887 2129 ethic
904 2079 1013 2145 nostris,
1030 2088 1062 2133 ut
1093 2100 1162 2135 meu·

142 2148 196 2198 tius
212 2146 241 2197 in
259 2143 355 2198 ἑαυτὸν
371 2152 561 2215 τιμωρουμένῳ
579 2152 647 2214 (3,1,
659 2146 726 2205 67.):
745 2144 890 2212 Quomodo
909 2149 1026 2209 minimo
1043 2152 1161 2217 periculo

143 2217 174 2267 id
199 2216 295 2265 demus
312 2217 536 2280 adielescentulo,
559 2217 575 2266 i.
595 2234 618 2267 e.
643 2214 709 2280 des]
727 2241 759 2251 —
794 2221 837 2272 60.
857 2215 899 2264 Ad
918 2215 1073 2284 Cortynia,-
1098 2218 1162 2277 bene

143 2286 180 2334 ad
199 2283 341 2350 Cortynia.
377 2285 450 2333 Nam
466 2285 538 2353 apud
556 2284 669 2335 Gnoson
684 2282 841 2353 imperabat
856 2284 956 2349 Minos,
974 2288 1031 2337 eius
1048 2288 1164 2341 marino

143 2352 221 2405 Unde
244 2353 307 2402 illuc
330 2360 442 2403 taurttm
459 2369 516 2404 non
533 2353 589 2402 vult
606 2353 711 2404 venire:
735 2353 782 2403 sed
807 2352 842 2404 ad
859 2352 1004 2420 Cortynia,
1027 2355 1164 2425 [oppidum

144 2419 277 2485 Cretae,]
300 2421 348 2470 ubi
365 2421 476 2472 fuerant
498 2421 643 2489 aliquando
662 2420 729 2471 Solis
753 2427 885 2472 armenta.
902 2446 937 2459 -·
970 2428 1012 2479 61.
1034 2424 1106 2474 Tum
1123 2443 1180 2477 ea··

144 2492 188 2542 nit
204 2489 390 2555 Hesperidum
409 2493 538 2539 visitatam
565 2490 639 2538 suala
664 2490 802 2556 puellom5
825 2489 912 2553 suala,
957 2490 1036 2542 uibus
1054 2496 1165 2565 acceptis

144 2560 283 2611 evenere
308 2558 491 2627 Hippomenes
516 2557 579 2610 vicit
601 2556 769 2621 stelantem,
792 2558 912 2624 puellam
936 2506 1068 2627 idriam,
1089 2579 1166 2615 cursu

144 2635 296 2694 potentem,
313 2642 383 2694 quae
401 2627 501 2676 multos
518 2641 630 2692 sponsos
647 2634 786 2695 superatos
805 2626 956 2679 occiderat:
973 2630 1047 2696 quod
1064 2632 1166 2698 plenius

143 2696 173 2747 in
190 2694 323 2748 Aeneidos
340 2694 422 2746 tertio
438 2694 511 2745 libro
529 2693 612 2758 (113.)
637 2694 865 2759 memoravimus,
887 2695 936 2746 ubi
952 2697 1038 2747 etiam
1055 2700 1167 2770 deipsis
1204 2754 1208 2759 ,

142 2765 222 2817 malis
243 2762 336 2815 fabula
360 2764 447 2815 relata
471 2770 518 2814 est.
536 2789 569 2800 -
610 2767 652 2819 52.
674 2763 746 2812 'i'um
765 2761 1000 2832 Phaetontiadum
1025 2766 1167 2836 Clymene.

143 2843 171 2887 et
187 2833 255 2883 Solis
277 2833 359 2885 silias:
384 2849 454 2900 quae
478 2832 544 2883 dum
569 2831 718 2887 extinctum
741 2833 857 2883 fratrem
881 2832 996 2898 flerent,
1019 2852 1167 2893 conversae

142 2902 249 2954 suntin
266 2902 393 2964 arbores,
411 2909 441 2950 ut
457 2901 509 2950 hoc
526 2901 586 2951 loco
604 2899 685 2964 dicit,
701 2900 730 2950 in
747 2900 837 2951 alnos:
861 2901 936 2953 utin
954 2901 1064 2955 decimo
1081 2908 1169 2975 (1901,

142 2970 171 3021 in
188 2970 309 3041 populos.
343 2968 396 3019 Ubi
414 2970 498 3020 etiam
515 2968 621 3039 plenius
644 2969 716 3019 hanc
733 2968 848 3020 diximus
865 2970 997 3023 fabulam.
1030 2972 1107 3028 Mira
1122 2992 1172 3029 au«

142 3046 200 3090 tem
224 3044 265 3091 eat
288 3038 410 3089 canentis
432 3039 507 3102 laus,
530 3045 559 3086 ut
582 3037 658 3104 quasi
682 3053 738 3089 non
762 3038 865 3087 factam
887 3056 948 3090 rem
971 3048 1099 3097 cantare:
1120 3046 1169 3099 sed

141 3107 200 3185 ipse
216 3121 278 3157 eum
295 3105 429 3159 cantando
446 3109 536 3159 lacere
549 3105 677 3157 videatur.
712 3104 793 3173 [Saue
810 3105 946 3173 ingeniosi
959 3108 1082 3163 bortrinis
1093 3128 1169 3167 ruen-

112 3226 118 3241 s
144 3184 249 3229 tionem
265 3190 330 3225 cum
346 3191 393 3237 re,
410 3191 479 3241 quae
496 3174 619 3227 auioiam
636 3190 693 3225 non
710 3173 794 3225 babet
810 3176 932 3228 miscuit:
956 3193 1067 3231 sorores
1083 3182 1168 3237 Phad-

143 3242 225 3295 tontis
242 3242 351 3295 streeioa
368 3242 473 3295 flevisse
490 3242 602 3296 diciturz
625 3243 661 3293 Et
677 3244 789 3310 quidam
807 3244 889 3294 alnos
906 3245 1011 3313 poetica
1027 3260 1171 3311 eonsuetu-

94 3300 99 3323 Ε
142 3312 206 3367 diue
223 3326 273 3378 pro
290 3310 396 3379 populis
412 3309 568 3383 accipiunt]
588 3337 622 3348 -
655 3317 698 3370 61.
716 3312 833 3360 Amarae
852 3315 982 3378 corticis,
1007 3314 1076 3369 alibi
1093 3320 1169 3386 (Aen,

142 3388 175 3443 7,
191 3379 264 3439 741.)
281 3382 333 3429 ait:
356 3378 465 3446 Raptus
485 3383 516 3432 de
535 3382 631 3431 subere
649 3393 755 3431 cortex.-
783 3381 856 3446 quod
880 3382 968 3450 magis
992 3399 1021 3436 se
1041 3386 1073 3436 ui
1088 3387 1169 3443 deba»

143 3463 220 3510 mm,
243 3454 274 3496 ut
296 3447 447 3499 nrasculino
470 3457 596 3512 utamur,
619 3450 658 3516 [et
675 3456 714 3500 est
731 3447 870 3518 epitheton
890 3402 1088 3517 naturalel-
1125 3463 1170 3517 61,

144 3516 281 3568 Permessi
299 3515 334 3567 ad
346 3514 475 3586 flumina
495 3515 626 3581 Gallum,
649 3517 763 3570 Helicon
780 3533 859 3570 mons
877 3527 918 3570 est
933 3520 1081 3575 Boeotiae:
1098 3543 1169 3597 quaa
1202 3534 1206 3539 '

143 3593 172 3637 et
188 3584 273 3635 Aonia
295 3584 404 3635 dicitur.
437 3584 479 3635 De
503 3584 556 3634 hoc
579 3585 698 3654 plurima
721 3586 822 3637 cadunt
844 3586 974 3642 flumiuas
998 3592 1074 3644 inter
1097 3613 1168 3664 quaa

143 3652 229 3705 etiam
245 3654 415 3718 Permessus,
439 3652 511 3702 iuxta
529 3670 612 3718 quem
633 3654 701 3705 dicit
723 3655 913 3706 ambulantem
930 3658 1042 3711 Gallum
1059 3662 1097 3715 ab
1113 3680 1170 3718 una

143 3722 224 3773 Musa
241 3721 276 3774 ad
287 3730 390 3773 ceteras
407 3738 463 3772 esse
481 3720 636 3785 deductum,
653 3730 681 3774 et
696 3722 752 3774 illic
770 3741 828 3775 esse
844 3724 949 3775 factum
965 3720 1095 3797 poetam}
1143 3734 1171 3785 ni

143 3790 234 3859 elegos
251 3789 372 3859 scripsit,
395 3792 440 3857 qui
460 3797 520 3841 eta
543 3790 692 3842 triumviris
714 3792 881 3862 praepositus
904 3795 956 3845 luit
972 3798 1007 3850 ad
1024 3801 1123 3869 exigam
1143 3819 1173 3855 aa

144 3859 273 3925 pecunias
291 3860 326 3909 ab
344 3858 385 3910 his
403 3858 566 3924 nirrriicipiis,
583 3874 701 3926 quorum
718 3861 776 3928 agri
794 3862 823 3911 in
840 3862 1037 3933 Transpadana
1053 3871 1172 3940 regione

145 3942 201 3978 uon
218 3928 415 3981 dividebantur.
450 3926 519 3978 Sane
537 3930 624 3979 Aones
642 3928 777 3996 originem
801 3929 835 3980 ab
855 3948 887 3983 eo
903 3933 964 3984 loco
982 3936 1103 4008 ducunt,
1125 3940 1174 3992 irbi

145 4012 218 4047 nsum
242 3997 385 4048 maritima
409 3996 522 4047 Venetia
545 4003 593 4046 est
610 4023 644 4032 —
684 4003 726 4055 65.
743 3997 881 4065 Dus-eris,
906 4003 1074 4071 produxerit.
1111 4008 1175 4060 Una
