2424 4506
119 292 158 333 m
179 265 339 336 visan.
364 268 539 335 sanata.
560 228 642 333 tu.
665 246 955 346 tuate-aus·
1018 258 1070 341 oo

60 459 180 510 ionium.
217 456 279 525 [Alii
296 475 399 510 namen
418 457 607 522 Echionium,
630 455 685 508 hoc
701 462 743 509 est
759 470 862 529 genus,
878 456 1061 526 quemadmo-

60 528 135 579 nde
154 533 247 579 matre
263 546 355 595 genas
373 528 454 595 dixit,
477 527 629 595 accipiunt,
653 534 684 576 ut
701 526 861 578 ostendatur
878 541 944 579 eum
960 527 1061 580 Echio·
1150 578 1154 585 ,

72 615 134 650 esse
152 604 182 648 et
197 597 324 650 Peridiae
348 597 453 662 filium,
475 595 572 648 veleb
589 595 713 647 Echione
738 610 825 663 genus
842 595 1010 664 ducentem]
1027 625 1062 637 -

60 674 74 723 t.
92 665 256 734 Matrisque
273 668 364 733 genas
382 667 512 723 Peridiae
518 688 528 729 ,-
553 664 721 735 periphrasis
738 661 817 732 [est],
843 665 897 716 hoc
915 673 957 718 est
971 665 1061 719 filium

60 737 148 787 idias.
167 760 202 772 -
244 742 305 794 516.
331 734 423 804 Lycia
450 738 570 798 missos,
595 746 620 784 et
645 734 791 801 Apollinis
815 736 911 801 agris3
932 744 1011 788 vacat
1027 749 1060 790 et.

60 822 88 856 m
111 821 167 873 per
183 804 353 874 Epexegesin
371 805 499 874 Lysiam,
523 819 588 856 arva
604 803 739 869 Apollinis
756 802 836 868 dixit,
860 812 891 854 ut
908 808 957 872 (4,
974 806 1062 868 377.):

60 891 101 925 mc
117 872 229 941 Lyciae
252 886 349 926 sortes.
385 874 523 942 [Appellat
544 879 639 923 autem
656 870 777 939 Lyciam
796 890 812 924 a
830 871 906 940 Lyce
930 875 1061 946 nympha,

68 957 122 1012 qua
147 942 250 995 hahuit
270 944 367 1011 Apollo
391 944 480 994 filium
503 941 618 993 nomine
641 939 810 1008 Lycadium
834 943 933 994 Missos
956 953 1060 1011 autem,
1136 1001 1139 1005 ,

60 1013 168 1078 tectos,
184 1018 218 1061 ut
233 1016 275 1083 (6,
290 1012 378 1076 812.):
403 1011 516 1063 Missus
535 1013 566 1061 in
585 1012 735 1076 imperium
755 1011 910 1079 magnum]
927 1040 964 1055 ι-
998 1020 1059 1072 517.

60 1098 139 1132 asum
164 1084 371 1150 nequisquam
401 1083 440 1133 sio
463 1097 547 1149 supra
577 1080 761 1147 (10‚419.):
791 1082 916 1133 iniecere
941 1099 1059 1134 manum

60 1166 126 1204 reae.
163 1150 239 1200 Nam
260 1167 311 1221 per
334 1151 483 1202 transitum
507 1148 641 1213 ostendit,
663 1149 827 1216 urgentibus
851 1150 915 1207 fetis
938 1153 1059 1206 eumad

60 1219 87 1270 la·
115 1219 285 1272 deductum:
323 1235 395 1288 quae
428 1218 620 1288 ¹nequicquam
657 1233 768 1284 semper
805 1218 891 1273 vitare
921 1222 1059 1292 cupiebat.

60 1305 90 1341 uc
113 1295 214 1341 autem
231 1286 387 1347 Menoetem
412 1288 530 1339 oriundo
553 1287 661 1351 Arcada
684 1288 768 1340 luisse
790 1288 986 1357 intelligimus,
1010 1290 1058 1345 sed
1117 1350 1119 1355 ¹

60 1359 150 1410 titasse
168 1357 245 1409 circa
260 1359 355 1425 Argos.
389 1356 462 1408 Nam
479 1355 573 1409 Lerna
591 1357 668 1424 palus
692 1363 735 1407 est
750 1359 930 1427 Argivorum,
954 1359 985 1412 in
1002 1377 1058 1430 qua

60 1445 77 1478 n
92 1427 193 1479 dicunt
208 1426 321 1478 solitum
337 1425 422 1478 fuisse
438 1425 547 1496 piscari.
582 1426 657 1476 Nam
674 1425 727 1476 hoc
750 1426 902 1509 significate
926 1426 1058 1482 Piscasae
1148 1468 1151 1473 -

60 1503 63 1517 ’
83 1499 195 1548 airerim
214 1497 345 1565 flumina
369 1490 480 1546 Lernae
504 1494 558 1545 Ars
575 1495 685 1564 fuerat.
728 1495 781 1561 [Et
804 1503 909 1550 vetuste
926 1494 1057 1567 flu‘mina
1110 1524 1113 1529 ·

60 1584 64 1612 t
85 1566 181 1618 fluore
205 1566 288 1617 dixit:
310 1567 494 1633 nequeenim
511 1562 607 1615 Lerna
630 1563 729 1615 fluvius
746 1572 802 1631 est,
824 1566 909 1619 etsie
924 1568 1057 1649 flumina

60 1651 137 1701 rrasse,
154 1635 298 1703 quomodo
315 1634 450 1685 Aventini
468 1645 597 1687 mantem.
636 1632 786 1752 guaeritur
802 1649 869 1687 sane
886 1650 934 1704 qur
950 1637 1058 1712 primus

60 1721 128 1756 *sam
154 1719 209 1773 pro
227 1722 327 1772 peroso
350 1700 471 1768 dixerit]
487 1728 522 1740 -
556 1708 617 1762 519.
658 1719 799 1770 nuperque
816 1705 934 1771 damus5
959 1705 1007 1758 uie
1030 1715 1059 1760 er

60 1790 80 1824 ee
107 1790 169 1840 pau
190 1780 221 1825 tr
250 1773 375 1825 dicimus.
422 1772 497 1824 Nam
526 1790 652 1840 paupera
683 1772 896 1841 usurpatfiv]um
923 1783 986 1832 est·
1012 1774 1058 1829 Sic

60 1851 135 1896 utus:
183 1860 290 1910 nupera
316 1854 356 1892 est
380 1841 448 1892 haec
472 1843 583 1894 mulier.
621 1840 674 1893 Sed
696 1841 750 1893 hoc
768 1841 852 1898 hodie
868 1857 925 1896 non
942 1841 1057 1899 utimur.

70 1913 147 1964 enim
165 1912 290 1976 nomina,
306 1911 379 1978 quae
393 1911 512 1975 ablativo
529 1910 661 1980 singulari
678 1911 710 1962 in
726 1927 740 1961 e
758 1919 865 1978 exeunt,
882 1910 905 1962 si
920 1911 1057 1982 feminina

60 1997 90 2034 se
104 1981 230 2047 iaciunt,
251 1980 365 2033 similia.
376 1981 496 2041 faciunt:
519 1997 571 2033 nec
590 1980 666 2032 euim
682 1980 846 2035 heteroclita
868 1979 990 2048 [iterun't
1006 2001 1057 2037 uo·

60 2049 114 2116 aa],
131 2050 159 2102 i.'
169 2069 194 2102 e.
214 2050 329 2102 alterius
346 2050 538 2119 declinationis
555 2067 613 2102 esse
631 2057 753 2119 possiunt.
787 2049 829 2101 Ut*
840 2057 920 2120 puta,
936 2052 1001 2121 quia
1019 2055 1055 2109 alr

60 2119 192 2191 thespin
209 2120 291 2183 facit,
316 2118 363 2171 laia
381 2119 493 2171 ethaeo
512 2118 612 2187 hospes
637 2117 761 2171 dicamus
784 2133 897 2191 necesse
919 2128 967 2173 est.
1000 2120 1058 2174 Lu·

60 2205 93 2243 us
116 2189 252 2256 (5,11.):
276 2186 386 2256 Hospes
411 2190 443 2239 in
467 2191 599 2240 extremis
622 2187 724 2256 (Guelf.
740 2188 774 2238 11.
790 2190 925 2257 esternis')
944 2192 1058 2242 audivit

60 2263 92 2312 ia
108 2260 202 2312 testis.
236 2257 311 2308 Nam
329 2259 364 2308 ab
381 2256 434 2310 hoa
452 2257 609 2324 leone,ltio
626 2255 740 2309 ethaeo
759 2257 817 2308 lea:
843 2258 877 2307 ab
898 2258 950 2311 hoa
967 2261 1055 2312 latro-

75 2329 123 2379 hie
141 2327 259 2380 ethaeo
276 2330 366 2379 latras
385 2329 421 2378 alr
440 2327 491 2381 lrac
501 2327 629 2446 tlunom'
646 2324 692 2377 uic
711 2333 739 2377 et
755 2326 823 2376 haec
834 2324 931 2394 fullo:
950 2330 985 2381 ab
1003 2329 1057 2381 lroa

60 2411 124 2464 ote,
148 2397 197 2449 uie
221 2398 249 2448 et
272 2397 340 2448 liaeo
366 2414 461 2465 nepas.
528 2412 576 2447 am
601 2402 632 2447 ut
655 2396 746 2463 neptis
770 2396 895 2447 dicamus
918 2399 960 2465 [in
982 2397 1058 2464 iare]

60 2478 124 2538 pter
146 2465 327 2518 successionis
350 2466 547 2535 discretionem
570 2464 722 2517 admissum
748 2472 796 2516 est.
843 2463 993 2519 Sciendum
1015 2474 1056 2520 te-

60 2557 91 2606 u,
107 2537 243 2604 hospita,
265 2553 406 2604 paupera,
425 2537 539 2602 leaena,
565 2534 608 2587 lea
626 2541 758 2601 usurpata
775 2550 792 2586 a
808 2531 898 2602 poitis
913 2534 1003 2604 [essel
1021 2560 1057 2574 -·

60 2619 71 2662 t
89 2606 242 2658 Parentum
262 2623 396 2669 munera3
420 2606 553 2673 [munera
574 2601 656 2667 dicit]
680 2601 829 2671 obsequia:
853 2601 889 2670 [i.
907 2621 931 2656 e.
954 2604 1057 2671 officia]

60 2695 80 2733 ie
96 2689 242 2746 pauperes
266 2674 394 2729 divitibus
417 2676 480 2727 loco
503 2689 654 2726 munerum
679 2671 794 2726 solvunt.
827 2670 910 2739 [Sane
936 2692 1054 2726 munera

60 2764 91 2801 ue
120 2746 227 2810 munia
250 2743 377 2797 dicimus.
418 2743 514 2809 Pater,·
538 2743 597 2813 ipse
619 2747 715 2812 pater,
739 2757 776 2792 an
799 2748 880 2810 pater
903 2740 998 2809 eiusl]
1021 2769 1055 2782 -

60 2816 227 2874 ’.Areutem
251 2814 284 2864 in
307 2815 427 2876 silvam3
449 2828 502 2884 pro
527 2812 649 2863 aridam.
667 2835 701 2847 -
743 2812 804 2873 524.
823 2808 904 2861 Dant
929 2816 1055 2864 sonitum

60 2886 141 2938 masi
158 2899 274 2948 amnes,-
299 2882 405 2935 bellum
428 2897 541 2951 semper
563 2879 692 2933 incendio
711 2885 740 2931 et
762 2877 927 2930 fluminibus
943 2897 1007 2932 com
1028 2899 1056 2935 a·

91 2954 140 3006 stc
158 2951 443 3017 iu.secundo,(304.·):
467 2950 503 3000 In
526 2961 645 3018 segetem
669 2948 758 3001 aelati
776 2963 840 2998 aum
859 2947 983 3016 flamma
1001 2900 1054 3020 lu.

60 3017 138 3076 tibus
157 3023 268 3072 austris
285 3021 408 3087 lucidis,
432 3020 620 3088 eutrapilus
639 3030 773 3070 montana
791 3015 920 3084 flumine
936 3030 1056 3080 torrens,

61 3095 158 3162 rgulta
176 3092 316 3144 sonantia
332 3091 432 3150 laur03
457 3090 615 3158 quaeritur,
639 3086 706 3155 quid
722 3086 759 3138 sit
774 3086 902 3152 virgulta
920 3092 1056 3141 sonantia

61 3162 116 3216 aa?
141 3159 249 3212 scilicet
269 3160 329 3229 ipsa
346 3158 464 3228 virgulta
487 3157 575 3210 lauri:
589 3158 733 3209 =sonantia
751 3164 847 3206 autem
863 3172 930 3208 cum
947 3156 1057 3231 o'repitu

60 3231 145 3285 ntia.
162 3255 199 3266 -
233 3233 295 3287 525.
313 3227 384 3280 Non:
398 3230 517 3296 segnius
535 3229 617 3286 ambo
636 3225 744 3277 Aeneas
763 3224 935 3294 Turnusque
953 3240 1057 3290 ruuut;

60 3298 361 3366 recompensationibus
378 3298 492 3350 diversis
517 3295 625 3364 singula
646 3294 768 3348 reddidit
785 3294 821 3346 ad
845 3295 1057 3350 similitudinem
1074 3348 1077 3353 ,

60 3387 103 3423 rm
127 3367 198 3441 quia
224 3366 321 3419 ambos
345 3366 456 3436 ignibus
473 3374 522 3418 aut
542 3365 706 3417 fluminibus
723 3366 943 3434 compossuerat.
979 3366 1057 3436 Ergo

60 3440 210 3507 ssegnius
227 3437 263 3488 ad
278 3436 375 3505 ignem
392 3435 501 3501 retulit,
525 3434 590 3504 quia
608 3434 706 3502 segnis
730 3433 809 3502 quasi
827 3434 891 3483 sine
916 3435 982 3502 igne
1006 3436 1056 3498 sit;

60 3521 132 3560 :tuat
161 3513 273 3569 erstem,
295 3505 331 3557 ad
358 3521 456 3557 amnes
481 3518 547 3556 eum
565 3503 689 3555 retulisse
707 3502 782 3555 nulla
800 3501 938 3557 dubitatio
956 3511 1003 3556 est.
1020 3530 1056 3543 -

60 3588 69 3626 ’.
86 3578 291 3644 Rumpuntur'3
308 3590 360 3644 pro
376 3575 546 3642 fatigantur,
562 3579 591 3624 et
604 3572 729 3641 fluctuat
744 3579 771 3623 et
785 3583 965 3639 rumpuntur,
1020 3570 1057 3639 ἐι]

60 3651 113 3698 ssia
132 3646 215 3698 vinci
232 3644 354 3696 Pectora.
388 3641 518 3696 Horatius
536 3642 639 3710 (Germ.
659 3648 690 3705 1,
707 3641 758 3703 6.):
783 3638 895 3691 Pelidae
919 3640 963 3704 (R.
979 3588 1055 3693 llll-

60 3717 109 3775 ‚L.
128 3714 250 3775 Pelides)
268 3712 442 3765 stomachum
460 3712 553 3763 cedere
572 3713 660 3762 nescit
678 3709 804 3776 (nesciil
822 3737 858 3747 -
892 3715 953 3769 529.
971 3709 1054 3762 Mur-

60 3804 112 3837 usm
131 3792 202 3846 etc.;
224 3784 278 3835 hoc
296 3790 353 3847 est,
376 3783 453 3833 cuius
476 3781 596 3832 maiores
615 3796 710 3830 ornnes
728 3778 868 3830 Murrani
890 3785 955 3829 sunt
978 3778 1054 3845 dicti,
1123 3829 1126 3835 ,

60 3865 138 3924 reges
161 3855 292 3906 fuerunt:
316 3858 361 3902 ut:
384 3849 435 3902 Per
455 3866 584 3917 regesque
603 3853 703 3899 actum'
713 3866 804 3915 genus
823 3864 904 3899 amne
920 3844 1051 3900 Latinas.

60 3941 113 3976 mus
147 3923 241 3988 enirn,
270 3921 360 3972 solere
389 3921 554 3987 plerumque
579 3919 655 3982 lieri,
684 3925 716 3967 ut
739 3917 826 3985 primi
850 3915 925 3985 regis
947 3931 1052 3969 nomen

60 4010 93 4045 uu
115 3991 221 4061 reliqui
244 3989 416 4058 possideant,
446 3995 477 4038 ut
501 3987 575 4054 apud
597 3987 739 4037 Romanos
762 3987 886 4053 Augusti
908 3993 1053 4050 vocantur,
1077 3980 1082 3999 ²

60 4063 227 4116 sdAlbanos
250 4059 346 4126 Sylvii
351 4094 360 4126 ,
384 4057 457 4127 apud
481 4056 577 4110 Persas
599 4056 773 4126 Arsacidae,
805 4055 885 4127 apud
908 4053 1063 4127 Aegyptios
