2424 4506
896 176 909 209 b

97 257 171 327 at·
360 248 499 315 suasu
520 196 872 333 couusuututus

94 425 335 506 uestimentum,
356 443 388 489 ut
404 436 458 489 duo
474 435 579 505 dicat]
603 437 671 490 ordo
687 445 742 493 est:
765 445 796 491 et
818 435 938 491 habuisti
953 438 1081 507 patrem,
1101 442 1127 489 et

118 515 177 559 ater
195 522 232 558 es.
248 533 283 544 -
317 510 379 566 935.
395 504 430 557 Et
448 523 489 558 me
508 508 588 558 redde
607 511 691 570 mein
710 507 778 560 ordo
796 515 849 561 est:
874 504 972 562 Redde
989 522 1037 559 me
1053 506 1126 557 meis.

96 526 151 630 iet
167 593 201 627 ne
218 590 251 627 er
269 585 364 645 aperta
381 591 444 627 rem
460 577 518 627 viro
535 575 600 628 farti
618 574 727 645 pudend
790 583 906 646 peteret,
920 575 1124 647 interpositione

97 661 160 698 ustu
183 652 224 696 est
247 644 356 710 dicens,
375 641 432 695 Seu
454 660 553 713 corpus
578 593 853 711 spoliatumqinmne
876 643 970 701 mavis.
989 668 1024 683 -
1067 648 1121 701 936·

100 714 212 766 Victum
229 713 338 764 tendere
355 714 466 778 palmas
483 714 610 767 Ausonii.
625 715 731 775 vidum
756 714 790 765 ad
806 713 926 782 gloriam
941 715 1050 766 Aeneae
1066 727 1121 783 per·

97 785 179 847 tinet,
210 779 285 850 quod
305 799 335 835 se
357 781 468 835 Turnus
490 783 595 834 cunctis
619 781 806 853 praesentibus
830 784 933 835 victum
958 784 1069 835 teretur.
1090 804 1126 831 -,

70 869 72 874 ·
97 857 160 911 937.
178 848 241 911 Tua
265 861 306 900 est
323 848 449 917 Lauinia
466 854 587 916 sanius,·
665 871 680 904 e
704 853 795 905 fuerat
810 866 892 903 causa
908 849 1074 903 certaminis.
1089 875 1118 889 -

97 925 158 978 938.
177 918 301 971 Ulterius
320 936 354 969 ne
372 921 450 970 tende
469 922 560 985 adiis‚·
585 921 643 971 noi
659 919 727 973 velle
743 920 935 973 crudelitatem
959 927 1038 971 triam
1055 919 1116 970 ultra

96 990 154 1042 iata
171 987 350 1057 protendere,
365 989 413 1040 sed
429 989 514 1041 redde
531 992 628 1058 coi'pua
644 988 777 1057 sepulcro.
805 988 879 1039 'Acer
897 989 929 1038 in
947 989 1051 1053 armis;
1065 988 1117 1039 'non

95 1064 205 1110 tentum
222 1056 258 1117 ad
274 1073 402 1127 praesens
418 1059 548 1121 refertur,
564 1057 612 1110 sed
649 1058 694 1109 uia
711 1073 821 1127 semper
837 1057 867 1110 iri
883 1057 969 1109 armis
986 1071 1116 1110 aceretae

96 1125 243 1179 consuevit.
259 1149 294 1163 -
334 1130 396 1184 940.
410 1125 602 1185 'Cunctantem
620 1075 735 1194 iicetm
759 1144 848 1178 sermc
868 1126 1015 1193 Coeperam
1037 1125 1116 1177 omnis

95 1194 213 1248 intentio
230 1192 265 1245 ad
282 1195 391 1247 Aeneae
407 1196 528 1265 pertinet
543 1195 669 1262 gloriam.
695 1190 777 1247 ¹Nam
794 1203 822 1248 et
845 1210 877 1247 ex
899 1210 933 1247 eo
957 1194 1032 1264 quad
1053 1191 1115 1246 boati

96 1264 200 1331 cogitat
216 1279 344 1334 parcere,
368 1263 428 1331 pius
446 1264 612 1317 ostenditur:
634 1272 662 1316 et
685 1264 722 1317 ex¹
740 1281 773 1317 eo
790 1264 864 1333 quod
887 1278 953 1315 eum
974 1262 1116 1326 interemit,

96 1332 203 1404 pietatis
226 1340 314 1400 gestat
337 1332 452 1400 insigne.
486 1333 558 1384 Nam
576 1333 697 1384 Emndri
724 1332 824 1385 intuitu
840 1329 970 1385 Pallantis
984 1330 1115 1386 ulciscitm

97 1409 274 1452 mortem-
309 1404 369 1458 941.
391 1401 496 1469 Infelix
514 1403 639 1465 baltens3
657 1402 725 1454 raulli
742 1401 855 1454 domino
872 1401 943 1453 ielis.
975 1399 1014 1451 Et
1029 1401 1066 1453 sic
1080 1406 1117 1451 est

96 1470 215 1534 dictum,
247 1468 503 1537 Insatiabalteus:
536 1471 607 1521 sicut
637 1474 685 1537 (3,
709 1471 801 1531 328.);
834 1467 1116 1535 Lacedaemoniosque

96 1539 273 1606 hymenaeos.
307 1538 342 1589 Et
358 1539 514 1602 sciendum,
537 1538 660 1592 balteum
677 1539 804 1591 habuisse
820 1539 947 1590 Turnum
964 1538 1001 1590 ad
1016 1538 1117 1591 insulta·

61 1629 63 1633 ¹
94 1609 201 1659 tionem
220 1614 248 1659 et
262 1608 437 1673 iactantiam,
459 1627 516 1663 non
539 1609 574 1659 ad
597 1609 752 1663 utilitatem.
786 1606 864 1659 Unde
888 1617 941 1660 est:
964 1607 1051 1675 Atque
1072 1606 1117 1658 hu·

96 1678 180 1728 meris
205 1676 355 1727 inimicum
381 1678 635 1745 insignergerebat.
653 1703 687 1714 ·-·
721 1680 782 1735 945.
800 1675 986 1727 Monumenta
1005 1677 1119 1736 dalaris;

93 1746 224 1816 propria,
252 1760 319 1797 nam
350 1754 378 1798 et
408 1756 621 1798 monumentum
645 1746 738 1817 ab·eo
762 1745 835 1813 quod
858 1752 984 1798 mentem
1014 1752 1120 1801 moneat

93 1814 199 1868 dictum
218 1822 265 1866 est.
282 1841 316 1852 -
350 1819 411 1873 946.
429 1814 548 1876 Hausit;
575 1806 653 1866 iidit:
678 1822 709 1865 ut
732 1818 774 1882 (4,
790 1816 877 1877 661.);
904 1813 1031 1866 Hauriat
1048 1812 1117 1865 hunc

95 1885 187 1936 oculis
206 1885 299 1951 ignem
318 1885 442 1935 crudelis
460 1887 494 1936 ab
513 1886 570 1936 alta
586 1883 752 1934 Dardanus.
764 1910 799 1921 -
834 1887 894 1940 949,
913 1880 1010 1935 Pallas
1027 1886 1119 1936 immo·

95 1953 150 2023 ἶρις
175 1961 203 2005 et
220 1953 255 2005 ad
272 1968 337 2003 suae
354 1953 451 2011 mortis
469 1960 497 2006 et
513 1953 624 2022 abrupti
640 1948 759 2005 foederis
776 1951 923 2018 ultionem,
944 1960 973 2005 te
990 1961 1119 2022 tanquam

93 2021 214 2074 hostiam
236 2021 365 2072 immolat
389 2023 484 2073 Pallas.
500 2047 534 2060 -
569 2026 630 2079 951.
649 2021 781 2088 Frigora
802 2028 906 2074 morte:
928 2029 960 2073 ut
983 2028 1024 2088 (6,
1039 2023 1120 2084 219.);

95 2090 256 2158 Corpusque
281 2090 379 2140 lavant
397 2091 552 2158 frigentis,
575 2101 601 2140 et
626 2101 742 2159 ungunt.
761 2116 792 2152 -,-
837 2092 897 2148 952.
919 2089 1038 2158 Visaque
1062 2108 1121 2141 cum

92 2162 205 2229 gemitu=
216 2159 300 2227 fugit
324 2160 474 2228 indignata
499 2162 549 2211 sub
575 2161 704 2219 umbram
727 2158 885 2227 indignata,
909 2159 952 2213 vel
975 2162 1040 2230 quia
1064 2166 1126 2231 post,

31 2277 35 2287 ,
91 2244 188 2299 preces
210 2232 318 2279 veniam
342 2244 399 2279 non
424 2237 579 2282 meruerat:
603 2229 645 2281 vel
668 2227 734 2296 quia
757 2228 901 2281 Lavinium
923 2230 997 2282 forte
1020 2230 1123 2282 sciebat

93 2299 217 2349 Aeneae:
243 2297 287 2348 vel
303 2297 381 2364 quia,
396 2296 429 2348 'ut
445 2314 528 2366 supra
546 2300 580 2351 de
598 2297 714 2350 Camilla
730 2297 858 2362 diximus,
875 2298 1036 2353 discedebat
1049 2317 1068 2353 e
1083 2299 1124 2351 iu·

91 2382 169 2419 vene.
203 2365 276 2417 Nem
293 2365 387 2416 volunt
404 2367 517 2436 physici,
533 2368 647 2420 invitam
664 2369 789 2419 animam
807 2367 981 2421 discederes
999 2384 1129 2437 corpore,¹

91 2451 156 2484 cum
175 2450 228 2502 quo
246 2435 335 2486 adhuc
353 2435 479 2488 habitare
496 2445 612 2488 naturae
637 2437 741 2504 legibus
766 2445 882 2502 poterat.
918 2436 962 2489 Sic
986 2438 1123 2501 Homerus

6 2544 11 2551 .
91 2503 130 2571 (ΙΙ,
146 2521 175 2569 π,
193 2506 278 2563 &bb-i:
299 2499 372 2568 Ψυχή
391 2499 416 2557 d'
432 2503 463 2558 ἐκ
479 2503 581 2574 μιλίων
597 2509 721 2572 πταμένη
739 2501 844 2577 nitiitifids
864 2498 1052 2578 pedisequos
1068 2500 1126 2560 πὸἓ·

91 2591 162 2639 suos
179 2566 284 2640 γοόωσα
299 2568 404 2627 λιποῦσ’
421 2570 560 2645 adquisita
576 2583 622 2630 καὶ
639 2569 727 2646 istam!
803 2640 805 2644 ι
