2288 4514
136 307 176 347 m
199 286 355 349 naon.
378 284 536 347 onoao.
559 285 591 359 1,
615 291 812 369 102—105.¹
920 262 994 356 'rso

22 472 123 538 loca,
150 488 226 541 quae
246 470 349 531 fertilia
372 478 447 537 sunt,
472 470 489 522 i.
514 489 537 523 e.
560 471 681 535 Moesia,
704 479 732 524 et
755 470 893 541 Gargara,
942 488 994 525 rrae

10 558 69 593 rus
97 550 146 594 est
170 542 201 593 in
224 540 415 609 sequentibus,
436 548 543 592 certent
564 556 629 591 cum
650 532 697 590 illo
720 540 872 608 proventu]
935 543 993 593 ulla

10 628 58 660 am
88 628 122 661 sa
148 610 262 661 Moesia
287 610 364 659 cultu
390 610 490 673 iactat;
520 616 626 660 constat
648 608 760 676 quidem
783 611 918 661 Moesiam
942 611 993 676 (al.

10 680 85 745 am)
104 678 187 731 circa
202 680 339 730 culturam
356 693 414 729 essa
431 678 604 745 diligentem:
631 678 680 729 sed
704 692 760 729 non
784 679 809 728 ei
825 679 913 729 cultus
929 695 994 730 suus

10 764 59 799 arn
78 748 215 815 prodest,
237 754 371 815 quantum
395 745 513 798 hiberna
536 746 667 798 serenitas
682 746 722 813 [et
744 746 888 798 humidum
906 745 992 799 solsti-

10 814 38 881 ι.]
75 816 195 867 Moesia
212 823 304 866 autem
321 813 458 884 provincia
475 823 515 865 est
531 816 726 882 [Thraciarum
743 815 830 866 vicina
847 812 994 882 Scythidel

10 884 40 937 ia
68 898 141 937 vero
167 883 260 935 civitas
277 882 425 951 Pbrygiae,
447 882 521 934 haud
544 885 625 951 longe
642 901 659 935 a
677 883 776 934 Troia:
801 899 885 963 quam
902 881 991 952 magia

10 968 92 1007 rmus
123 952 255 1023 accipere
278 959 391 1021 propter
415 952 555 1019 Gargara,
585 960 694 1002 montes
717 953 855 1018 Phrygios.
894 952 991 1023 [Unde

10 1030 74 1075 aret
99 1030 131 1074 et
155 1022 186 1089 in
209 1021 272 1071 Asia
295 1037 354 1072 esse
376 1021 519 1088 regionem
542 1037 612 1089 quae
635 1020 739 1073 Moesia
762 1021 877 1072 dicatur.
919 1019 991 1072 Sana

10 1110 92 1159 gara
110 1089 196 1155 multi
218 1095 342 1141 auctorat
359 1088 474 1153 Graeci,
496 1090 566 1140 sicut
580 1089 704 1141 Gerenus
722 1088 912 1141 Sammonicus
935 1096 991 1141 tra·
1052 1116 1055 1127 ·

33 1160 213 1213 altitudinem
230 1157 427 1229 Haemoniis,
451 1164 480 1208 et
496 1174 546 1227 per
562 1158 616 1209 hoc
633 1157 741 1209 abusive
759 1173 854 1209 omnes
877 1156 991 1208 summi·

10 1244 27 1279 ι
41 1226 336 1294 montium-Gargara
355 1226 503 1295 appellant,
525 1242 582 1278 esse
601 1227 685 1279 etiam
704 1225 833 1294 Gargara
851 1226 991 1277 civitatem
1049 1269 1057 1277 ,.

10 1296 148 1349 radicibus
165 1296 229 1347 Idae
247 1295 347 1345 montis
364 1297 393 1345 in
410 1294 547 1361 provincia
567 1295 671 1346 Moesia
685 1295 777 1360 Asiae,
794 1297 807 1329 *
824 1310 988 1364 quamcun-

27 1365 194 1417 naturaliter
214 1364 391 1430 uliginosam,
414 1371 441 1412 ct
459 1363 494 1413 ob
517 1363 571 1414 hoc
594 1365 706 1431 frugum
721 1365 858 1427 feracem,
878 1364 908 1415 in
929 1373 989 1415 tau·

10 1448 20 1483 ι
42 1442 76 1485 ut
98 1432 181 1484 multi
205 1437 303 1500 poetae
326 1431 428 1484 Graeci
448 1430 577 1500 Gargara
602 1432 711 1483 abusive
734 1449 785 1501 pro
810 1434 924 1484 cuiusvis
946 1430 988 1485 rei

10 1498 54 1555 lut
93 1502 100 1513 '
120 1520 138 1554 e
154 1501 197 1555 vel
220 1501 300 1568 copia
322 1500 470 1570 posuerint.
504 1503 578 1569 Ergo
602 1508 691 1568 potest
707 1508 735 1550 et
750 1501 796 1552 hic
813 1518 905 1553 sensus
922 1516 989 1564 esse,

14 1570 66 1621 ait:
96 1586 162 1621 curn
193 1584 225 1621 ea
249 1570 285 1620 sit
307 1568 372 1620 anni
401 1570 564 1635 temperies,
592 1578 624 1620 ut
646 1569 734 1619 hiems
756 1586 852 1622 serena
877 1569 930 1635 sit,
959 1577 989 1621 et
1020 1600 1063 1625 ψ

10 1626 104 1691 simui
120 1639 281 1704 humidum,
304 1639 407 1688 fructus
425 1637 528 1703 optime.
547 1638 703 1708 provenire,
720 1638 789 1690 haec
806 1647 899 1690 autem
916 1639 988 1691 adea

10 1704 45 1759 ἱι.
59 1724 117 1760 esse
144 1710 316 1771 necessaria,
338 1712 369 1756 ut
392 1706 448 1757 sine
472 1707 529 1771 his,
552 1725 588 1759 ne
610 1707 650 1757 illi
667 1706 778 1772 quidem
800 1706 988 1759 fecundissimi

10 1776 84 1829 uiae
106 1777 168 1841 agri
191 1774 349 1845 responsuri
371 1775 426 1827 sint
449 1775 572 1841 opinioni
602 1775 764 1840 fertilitatis,
792 1793 862 1844 quae
886 1777 920 1827 de
943 1774 988 1827 hia

10 1842 86 1913 bitur.
119 1845 230 1895 Moesr'a
245 1846 338 1911 cultu‚·
357 1843 436 1893 cuitu
455 1852 548 1895 autem
565 1844 626 1895 ideo
644 1844 753 1904 addidit,
771 1851 900 1912 tanquam
916 1844 987 1905 dice·

10 1928 22 1963 ε
41 1912 130 1965 omnis
147 1924 238 1982 seges,
261 1930 333 1982 quae
349 1913 523 1981 tempestivos
540 1912 669 1964 humores
692 1912 834 1977 habuerit,
857 1913 988 1982 aequabit

10 1982 118 2033 uditati
137 1998 267 2033 arvorum
280 1980 466 2045 Moesiorum,
483 1997 553 2047 quae
573 1989 734 2052 propterea,
749 1981 821 2048 quod
834 1996 891 2032 non
903 1999 985 2050 qiua-

10 2050 190 2105 dsolstitiales
207 2050 318 2114 imbres,
335 2050 382 2101 sed
399 2049 518 2100 naturali
535 2058 563 2100 et
578 2050 689 2120 proprio
707 2050 824 2101 humore
840 2050 984 2117 laetentur,

10 2118 109 2171 rimam
133 2126 161 2171 et
176 2119 268 2189 praeci
290 2134 356 2168 uum
373 2118 477 2168 cultum
493 2118 627 2183 habeant,
651 2126 679 2171 et
701 2118 740 2170 ita
756 2118 855 2170 uberes
871 2119 910 2170 ihi
927 2122 984 2171 fru-
1067 2158 1070 2162 -

10 2190 204 2255 sproveniant‚
220 2195 250 2238 ut
265 2137 462 2239 iiscunditatem
479 2203 609 2254 agrorum
626 2203 737 2238 suorum
755 2187 838 2238 etiam
856 2187 985 2257 Gargara

10 2254 189 2321 imitentur}
205 2282 239 2293 -
274 2261 334 2312 103.
351 2256 384 2305 Et
403 2260 543 2306 mirantur
558 2255 687 2322 Gargara
706 2273 821 2319 messas3
841 2257 986 2323 phantasia

22 2326 143 2393 putica,
163 2324 208 2376 rei
230 2324 398 2376 inanimatae
421 2340 530 2375 sensum
547 2325 627 2377 dare:
652 2325 689 2375 sic
712 2324 777 2376 alibi
802 2325 846 2392 (G.
865 2335 896 2390 2,
913 2326 984 2392 82·)‚=

10 2406 138 2463 raturque
156 2398 246 2444 navas
264 2393 400 2461 frondea,
424 2405 449 2442 et
467 2410 523 2443 nan
549 2412 601 2443 sua
620 2412 709 2458 poma.
743 2392 824 2461 [Sane
841 2394 983 2447 Rubellius

10 2462 90 2529 adsta,
119 2471 157 2533 et,
170 2456 367 2529 Quadrigarius
396 2461 518 2513 historici
543 2462 655 2529 dicuat,
687 2463 844 2529 Gargarum
875 2463 982 2515 flumen

10 2530 48 2583 ari
69 2532 99 2583 in
122 2530 222 2581 finibus
247 2530 378 2581 Thurinis
393 2532 407 2563 *
422 2531 517 2582 fuisset
541 2531 651 2596 (Burm.
673 2532 811 2582 Thurinis.
852 2533 892 2583 Ad
914 2531 982 2583 illud

10 2598 47 2673 qe)
71 2600 205 2669 oppidum
230 2598 384 2662 mediocre,
408 2600 480 2666 quod
505 2598 601 2665 Garga
625 2616 698 2651 nuno
722 2600 795 2650 vicus
819 2607 873 2663 est,
897 2616 981 2668 quem

10 2682 43 2721 tes
58 2669 167 2720 obscuri
184 2677 296 2720 centum
314 2667 511 2735 quinquaginta
533 2668 628 2736 ignoto
652 2676 680 2719 et
701 2668 807 2721 incerto
825 2670 893 2720 duce
910 2669 982 2721 inse-

10 2737 194 2803 mt‚,scilicet
215 2738 328 2787 nomine
352 2753 368 2787 a
391 2736 491 2787 vertice
507 2737 588 2789 Idaeo
613 2738 760 2802 translato,
783 2754 799 2787 a
817 2751 871 2804 quo
888 2737 981 2788 civitas

10 2820 39 2857 m
60 2806 90 2859 in
113 2805 214 2857 finibus
232 2805 339 2856 Troicis
357 2802 487 2872 Gargara
511 2805 670 2872 appellatur.
687 2837 720 2846 -
756 2809 815 2861 104.
834 2803 910 2871 Quid
935 2806 979 2855 di-

10 2874 346 2938 130mtoriumschema,
369 2874 505 2940 quaedam
529 2890 671 2937 recusare,
698 2874 771 2942 quasi
790 2889 845 2924 non
863 2872 981 2927 sufficiat
1032 2935 1034 2939 ‚

10 2942 100 3007 uiae,
125 2942 225 2995 deinde
247 2943 369 3005 referre,
396 2949 424 2993 et
446 2942 512 3009 quid
528 2942 632 3005 dicam,
658 2942 888 3010 quemadmodum
906 2942 980 2995 iuvat

10 3028 35 3079 t,
56 3012 105 3081 qui
127 3009 302 3079 insequitur]
336 3009 515 3075 Comminus5
538 3011 555 3061 i.
580 3030 603 3062 e.
626 3012 735 3075 statim,
759 3010 816 3061 sine
840 3011 979 3064 intermis-
1046 3024 1049 3030 '

10 3098 39 3133 u.
70 3080 145 3149 [Non
162 3088 287 3147 asterga
305 3094 336 3130 ex
353 3079 521 3148 propinquo,
548 3080 594 3146 qui
611 3081 775 3145 significatus
792 3079 979 3146 frequentissi-

10 3149 115 3201 sestin
133 3148 273 3219 Cisalpina
290 3146 393 3207 Gallia;
418 3148 497 3215 vulgo
521 3151 596 3199 enim
620 3149 728 3200 dicunt:
751 3149 820 3197 vada
844 3149 881 3199 ad
905 3167 978 3218 eum,
1041 3170 1044 3175 Δ

19 3221 191 3269 comminues
214 3216 288 3268 unde
305 3215 431 3280 Virgilius
453 3217 542 3284 magis
564 3218 683 3286 patriam
700 3217 923 3268 consuetudinem
940 3220 978 3270 vi·

10 3302 35 3337 π
48 3294 162 3338 secutus.
196 3288 311 3338 Veteres
322 3284 397 3335 enim
413 3300 469 3334 non
486 3285 515 3336 in
532 3293 667 3355 tempore,
683 3286 729 3338 sed
744 3285 770 3335 in
785 3285 846 3336 loco
860 3291 976 3339 sommi-

10 3356 184 3427 sponehant,
207 3354 225 3405 i.
244 3372 267 3407 e.
289 3352 378 3417 iuxta,
402 3359 432 3401 ut
455 3360 497 3405 est
517 3354 562 3420 (G.
580 3362 611 3418 3,
627 3355 712 3417 374.):
738 3353 902 3405 Comminus
926 3359 975 3409 aa.

10 3436 86 3487 aeaut
95 3424 194 3493 ferr03
213 3423 258 3473 cui
275 3421 446 3474 contrarium
463 3428 503 3474 est
520 3425 647 3488 eminus,
663 3424 680 3474 i.
700 3442 724 3475 e.
739 3423 829 3490 longo.
846 3450 881 3461 -
915 3432 976 3485 103.

10 3495 129 3559 =rqnirur3
154 3491 344 3561 prosequitur,
368 3497 396 3542 et
412 3505 467 3542 non
484 3491 549 3541 sinit
566 3492 724 3560 quiescere]
759 3491 844 3552 Rutu
870 3494 975 3561 evertit,

10 3560 72 3626 ipat.
104 3562 177 3614 Nam
194 3560 279 3610 modo
296 3559 401 3627 agentis
418 3566 465 3610 est.
499 3554 536 3609 Ut
551 3563 590 3628 (A.
603 3566 627 3624 1,
644 3562 709 3622 85);
730 3559 800 3625 Una,
817 3561 975 3628 Eurusque,

10 3638 97 3695 itusque
121 3641 215 3681 ruunt.
249 3629 322 3680 Nam
338 3627 418 3679 aliter
435 3627 596 3682 dictumest
619 3633 662 3694 (2,
678 3629 768 3690 2000:
793 3629 864 3680 linis
880 3632 975 3681 alta-a

14 3699 86 3749 omitt
107 3698 139 3752 L.
155 3701 186 3750 V.
206 3697 276 3765 Vos.)
299 3696 422 3748 culmina
447 3695 542 3750 Traia.
578 3697 655 3750 Male
676 3701 812 3767 pinguis5
834 3714 890 3749 non
913 3698 975 3766 pin-

10 3878 43 3931 Μ)
63 3888 123 3928 Grau.
135 3893 151 3929 l.
165 3901 211 3942 post
223 3884 299 3932 ararim
313 3893 340 3930 ita
354 3892 429 3942 pergit:
449 3893 503 3931 male
515 3904 553 3941 pra
567 3905 622 3940 nan,·
641 3901 660 3932 et
674 3895 703 3932 ila
717 3906 775 3943 saepe
785 3891 844 3941 J'rn'v.
872 3889 973 3939 Deinceps

47 3958 83 3981 vaur
96 3948 159 3986 Gaoll'.
173 3951 197 3987 11.
210 3951 260 3987 huuc
274 3951 332 3987 adda
351 3952 402 3989 Ruit
417 3956 483 3988 ullium
498 3948 581 3994 avertit,
603 3950 690 3999 obssipat.
711 3964 757 3988 uam
771 3952 831 3986 ruodo
846 3949 921 3997 agr-ntia
936 3955 973 3992 snt,

47 4007 129 4096 &aaa
147 4020 245 4060 carusque
264 4008 375 4060 ambasque
396 4014 465 4051 raum-
485 4020 531 4048 mm
549 4006 696 4049 adseruntur
711 4014 752 4048 rat:
772 4009 815 4049 rau
829 4006 871 4047 ulto
884 4006 973 4048 <uluis

79 4071 95 4096 α,
570 4080 573 4085 ⁴
