2288 4514
83 315 126 355 m
154 291 915 371 molissimum.llss.xl1,9s-112·
990 299 1032 364 61

18 479 129 533 virum
146 480 320 536 sentientem
336 480 472 551 lospsitur:
494 496 548 534 nec
569 478 721 532 immerito.
754 478 828 533 Nam
845 494 913 532 etam
929 478 1037 533 inducit

11 561 143 616 tutem,
168 557 215 601 ut:
238 550 296 603 His
313 553 414 620 agitur
425 550 537 619 furiis,
561 561 673 618 totoque
690 549 818 601 ardentis
836 549 872 600 ab
891 566 939 604 ore
955 549 1036 601 Scin·

11 620 63 671 sae
89 621 259 687 obsistunt,
289 621 382 672 oculis
407 622 494 671 micat
516 619 633 674 acribus
658 620 746 685 ignis.
798 619 922 672 Vocatus
951 618 1035 670 hasta

11 692 82 753 μοις
107 688 304 741 invocationes
315 697 343 741 et
359 704 464 760 preces.
497 688 571 738 Nam
594 688 743 758 appellatio
760 695 801 739 est
824 706 841 740 a
858 688 944 739 serbo
962 704 1035 758 quas

49 772 104 827 per
123 765 174 810 aut
189 758 219 809 iu
238 760 267 810 io
287 759 355 821 exit,
380 758 474 809 autin
493 774 534 807 us.
570 755 599 807 Si
621 759 652 809 in
680 759 708 808 io
734 764 846 820 exeant,
868 758 970 824 tertiae
994 765 1035 810 est

24 848 38 889 ,-
55 837 141 893 sunt;
168 822 258 878 Gueli'.
271 829 296 879 Ἰ.
314 823 345 879 si
361 825 474 892 (erunt))
491 827 608 876 formae.
641 824 670 893 Si
686 826 716 876 in
736 842 788 889 us,
802 833 932 894 quartae:
950 834 982 878 ut
998 826 1035 878 ab

46 894 122 965 quod
138 903 181 947 est
196 896 273 964 lego,
296 903 344 946 aut
361 896 461 961 lectio,¹
476 903 525 946 aut
541 896 629 946 lectus
645 893 721 949 iacit.
754 891 806 945 Sed
830 895 884 946 hoc
900 911 952 946 nus
968 894 1035 947 dici·
1097 907 1100 921 ¹

88 963 164 1033 quod
181 958 367 1035 εὔφωνότερον
383 962 505 1032 [fuerit]:
520 963 592 1014 sicut
608 978 682 1014 nunc
700 961 736 1014 ab
754 978 787 1014 eo
806 962 881 1030 quod
898 972 939 1019 est
956 980 1035 1032 voco,

135 1033 217 1100 fecit,
239 1050 296 1087 non
319 1035 490 1087 occasions.
538 1032 577 1084 Te
601 1033 745 1083 monimus
768 1031 867 1096 Actor,·
890 1032 1034 1101 [tetbaudi-

68 1100 92 1168 ,]
112 1110 179 1154 ante
195 1117 296 1170 gerere
313 1118 460 1156 consuever
479 1109 498 1151 t
516 1128 550 1140 -
591 1108 638 1160 97.·
652 1099 738 1151 Nunc
756 1099 851 1151 Turni
868 1103 966 1152 dextra
1009 1119 1034 1152 e·

49 1192 59 1235 ς
79 1169 136 1224 eius
151 1170 278 1239 [scilicet]
292 1173 350 1240 ¹qui
368 1179 409 1224 est
425 1171 504 1241 quasi
520 1186 604 1238 supra
621 1169 775 1220 maximum
791 1168 952 1237 [dotorem]
985 1120 1032 1220 la

92 1257 134 1302 τη
264 1239 387 1294 Graeca:
404 1248 435 1290 ut
453 1244 495 1307 (5,
512 1241 601 1303 262.):
624 1239 723 1289 Donat
740 1237 841 1289 hahere
857 1238 929 1292 viro.
963 1239 1033 1292 Item

46 1308 147 1371 ,usit
199 1304 230 1359 αι’
247 1307 327 1378 serre
351 1310 546 1362 talentum-
588 1313 631 1365 08.
655 1306 796 1358 Lacerare
820 1309 980 1373 revulsam5
1004 1317 1036 1359 ut

90 1385 149 1429 tem
164 1377 304 1431 revellam.
338 1377 506 1430 Laceratam
524 1385 627 1443 autem,
644 1383 759 1446 propter
775 1375 843 1429 illud
860 1382 914 1443 (11,
933 1379 984 1441 9.):
1000 1376 1035 1428 Et

71 1463 117 1497 ses
141 1445 259 1517 mosaco
283 1449 400 1514 petitum
418 1446 634 1516 Persossumque
653 1448 732 1498 lacis.
749 1472 785 1482 —
821 1451 881 1502 100.
903 1445 1034 1498 Vibratos

58 1516 96 1567 'o
111 1514 212 1585 serro,·
237 1514 371 1585 crispatus
388 1516 552 1568 calamistro.
586 1516 659 1566 Nasu
683 1515 880 1565 calamistrum
905 1523 946 1568 est
970 1532 1034 1568 acus
1124 1542 1127 1547 ·

52 1584 59 1598 ⁸
92 1596 106 1650 ,¹
116 1600 189 1653 quac
204 1585 338 1637 calefacta
355 1594 384 1638 et
399 1585 523 1637 adhibita
540 1585 681 1652 intorquet
697 1583 818 1653 capillos.
851 1583 931 1636 Unde
949 1584 1034 1638 etiam

118 1659 183 1723 (pro
199 1653 270 1706 Sext.
286 1653 324 1716 8.)
348 1655 571 1707 calamistratam
589 1669 697 1702 comam
719 1650 843 1721 appellat
863 1651 907 1704 ire
927 1661 1035 1718 uenter,
1092 1706 1097 1715 .

92 1723 178 1774 etiam
201 1723 397 1792 vituperationi
421 1732 469 1774 cst.
503 1723 582 1774 Unde
606 1739 621 1772 e
660 1729 776 1774 econtra
799 1719 834 1770 ad
856 1669 970 1773 laudem
994 1729 1036 1774 est

52 1792 59 1803 “
139 1791 177 1842 ab
200 1791 317 1842 Horatio
342 1792 582 1858 (Carm.1,12.):
637 1793 662 1839 ic
688 1801 713 1841 et
737 1790 888 1857 incomptis
914 1788 1033 1842 Curium

14 1861 122 1927 capillis.
158 1861 207 1928 [Et
224 1858 321 1912 ovidio
345 1862 433 1927 (Fas't.
449 1867 482 1926 6,
500 1861 584 1922 264.);
606 1859 720 1910 Intonsi
745 1859 823 1925 regia
849 1875 954 1926 magna
972 1858 1034 1912 Nu.
1082 1896 1086 1905 .

12 1927 81 1994 nee]
112 1926 236 1996 Myrrlsa
256 1931 374 1997 [autem]
396 1931 550 1989 madentem
569 1936 760 1996 unguentatos.
781 1952 815 1964 -
850 1933 914 1984 102·
932 1929 1036 1980 Oculis
1094 1948 1098 1961 ’

11 2000 85 2051 nim
101 1998 335 2066 acribusignis5
371 2007 402 2050 ut
424 2015 507 2069 supra
530 1997 636 2050 dictum
660 2005 702 2049 est
722 1995 824 2048 luroris
840 1994 1036 2064 immanitate]

10 2064 112 2121 lameri
128 2074 173 2119 est
188 2067 242 2135 [(ΙΙ.
255 2086 282 2129 u,
301 2002 386 2131 1045:
398 2062 479 2122 '‘Oooe
495 2063 526 2120 δέ
542 2063 570 2120 os‘
585 2073 651 2135 naal
667 2061 858 2134 λαμπετόωντι
876 2062 1035 2133 ἐΐκτην]-

10 2134 59 2195 ΙΜ.
74 2134 232 2205 'serrijicos
250 2139 318 2201 ciet;
342 2138 468 2204 [nomina
485 2136 523 2202 cl]
547 2135 613 2187 hinc
630 2144 745 2207 apparet
762 2135 885 2204 mugitus
902 2152 959 2190 nou
974 2146 1036 2190 tan-

10 2208 58 2257 lsm
72 2205 219 2258 dolentum
235 2221 308 2271 esso,
329 2206 377 2257 sed
401 2208 487 2258 etiam
512 2207 689 2258 irascentum.
727 2205 787 2255 Ciet
810 2203 928 2273 [alitem]
952 2205 1035 2257 modo

10 2272 60 2341 ist,
80 2273 155 2326 sicut
169 2273 201 2325 in
223 2275 308 2327 tertio
331 2274 451 2342 legimus
474 2275 569 2341 (344.);
592 2273 802 2342 Lacrymasque
827 2275 919 2325 ciebat
943 2275 988 2341 (al.
1005 2275 1035 2326 in

10 2340 45 2395 ll:
61 2342 164 2403 468.st
182 2340 305 2394 Iaent'bat
328 2345 413 2396 dictis
437 2347 566 2396 animum
592 2345 786 2412 lacrymasque
813 2343 922 2404 ciebat.)
963 2344 1036 2396 Nam

10 2412 109 2483 poprie
127 2414 211 2477 ciere,
227 2419 269 2485 pst
284 2413 365 2465 alteri
382 2420 429 2464 aut
445 2412 571 2466 dolorem
589 2421 638 2465 aut
652 2415 786 2481 lacrymas
803 2426 989 2467 commovere.
1001 2439 1035 2451 -

10 2486 57 2539 iffi
75 2482 120 2531 Ad
137 2498 177 2547 pu
199 2498 265 2541 nam
286 2482 429 2548 proludit,-
453 2483 679 2552 praemeditatur.
715 2482 829 2533 Cicero:
854 2481 907 2532 Sin
931 2480 1036 2548 (alsi)

10 2564 105 2601 mm
123 2552 159 2601 in
175 2499 229 2599 iae
245 2553 411 2616 prolusione
430 2552 505 2603 nihil
516 2551 622 2620 fueris,
639 2552 658 2602 i.
673 2569 696 2602 e.
713 2550 962 2620 praemeditatione
975 2568 1034 2604 cer-

10 2619 124 2686 hminis,
148 2619 161 2687 [
180 2635 241 2671 uem
261 2631 286 2669 te
304 2622 337 2670 in
356 2622 418 2686 ipso
436 2639 533 2689 pugna
553 2637 615 2669 cum
634 2623 771 2672 acerrimo
791 2621 956 2672 adversario
970 2621 1036 2690 fore

10 2635 219 2765 formarii-
254 2694 316 2745 107.
332 2688 453 2752 Saevum
470 2690 563 2741 tortis:
580 2705 660 2741 more
678 2705 742 2755 suo,
759 2688 813 2757 [vel
829 2687 967 2756 maguus]
1000 2690 1036 2741 Et

10 2765 141 2825 agentern
158 2755 382 2810 moderationem
400 2760 447 2810 dat
463 2761 586 2825 Aeneae,
610 2759 713 2828 quippe
735 2773 821 2826 quem
837 2758 944 2809 inducit
960 2757 1035 2808 labo-

10 2834 122 2892 tenlem,
140 2833 173 2877 ut
188 2826 273 2894 possit
288 2826 317 2878 in
333 2827 409 2879 iram
426 2829 545 2893 moveri,
563 2843 628 2877 curn
642 2829 771 2877 Tumum
787 2826 827 2879 ita
843 2825 918 2877 dicat
934 2827 1037 2891 furere,
1089 2864 1096 2880 .

10 2902 34 2945 st
50 2898 104 2948 nee
120 2894 217 2946 Latini
239 2896 374 2960 consiliis,
398 2914 450 2949 nec
467 2899 583 2949 Amatae
605 2896 732 2966 precibus
755 2894 840 2964 possit
861 2893 984 2948 obedire.
1001 2920 1035 2932 ·-

9 2966 61 3021 loe.
76 2966 167 3015 Acuit
179 2976 311 3031 martem3
328 2965 421 3017 irritat
436 2983 471 3019 se·
482 2966 519 3018 ad
533 2967 627 3017 futura
641 2964 802 3016 certamina.
811 2989 845 3000 -
881 2969 941 3021 109.
957 2964 1035 3016 Gom·

9 3034 68 3097 pani
83 3032 346 3103 scedere'lsellum3
372 3033 454 3087 liniri.
493 3035 530 3085 Ut
555 3037 605 3100 (1⁴,
623 3033 716 3094 374.):
739 3033 809 3084 Ante
833 3032 908 3084 diem
936 3035 1035 3086 clauso

9 3115 147 3170 componet
168 3120 276 3171 vesper·
291 3104 412 3172 Olympo
419 3127 429 3168 ,·
455 3105 514 3173 [aut
536 3104 666 3171 componi
690 3101 795 3153 bellum
818 3102 855 3154 ad
877 3102 1035 3171 pactionem

9 3169 146 3239 meciaris
163 3172 323 3225 certaminis
346 3172 449 3224 bellurn
467 3172 574 3225 deduci.
608 3171 718 3223 Foedus
735 3179 845 3237 autem,
866 3174 938 3224 sicut
953 3188 985 3223 su
1004 3189 1049 3239 ra,

9 3243 44 3304 (8,
58 3242 132 3302 641.)
148 3241 255 3292 dictum
272 3236 325 3305 es't,
342 3242 378 3293 ab
395 3242 573 3310 hostia'quee
590 3240 671 3292 loede
688 3239 813 3292 interimi
829 3241 900 3293 solet
916 3191 1036 3310 appella-

9 3314 62 3359 tum
76 3316 127 3363 est.
163 3309 266 3362 Oblata
285 3317 378 3363 autem
395 3312 538 3378 gaudens,
555 3307 762 3377 intelligendum
780 3309 909 3360 nuntium
925 3312 1037 3364 Aeneae

9 3379 105 3431 'enine
121 3378 159 3430 de
175 3378 311 3443 bellol-
349 3385 410 3437 110.
429 3379 502 3430 Tum
521 3381 614 3430 socias
633 3386 699 3439 etc.;
717 3376 904 3446 intelligimus,
920 3377 971 3429 hos
987 3395 1037 3448 spe

9 3445 150 3517 singularis·
157 3448 317 3501 certaminis
332 3463 383 3519 pro
398 3450 474 3500 ducis
490 3449 577 3503 salute
595 3465 652 3500 esse
670 3447 802 3498 turbatos.
835 3445 922 3527 [Bene
941 3456 1035 3501 autem

9 3517 137 3587 tepuerit
151 3518 300 3571 Ascanium
318 3536 334 3568 a
351 3519 446 3580 sociis3
465 3516 498 3570 de
514 3517 567 3568 illis
584 3517 659 3568 enim
678 3519 771 3567 socios
788 3515 869 3581 dixit,
886 3531 942 3568 non
961 3517 1035 3568 addi-

9 3580 44 3636 tis
62 3593 188 3650 mentm,
217 3586 283 3656 quia
305 3586 453 3656 proprium
484 3593 546 3639 erat
573 3593 601 3638 et
622 3585 673 3636 filii
697 3593 724 3637 et
747 3583 827 3655 pueri
857 3585 960 3638 timere
983 3603 1035 3657 pro

9 3662 88 3723 petre.
103 3682 141 3693 -
177 3660 238 3712 111.
255 3653 326 3706 Fata
344 3657 463 3718 docens,-
487 3671 603 3707 monens
620 3654 718 3723 quibus
742 3653 886 3706 condenda
909 3652 976 3704 urbs
993 3654 1034 3706 sit.

9 3722 65 3790 quil
86 3725 216 3775 futtsrum
240 3732 271 3774 ut
293 3724 402 3791 vincat]
435 3724 541 3776 Latino
561 3724 641 3774 Certa
668 3722 770 3791 referre
788 3725 881 3783 vireu
907 3719 978 3775 nurci
1003 3721 1035 3777 nl

9 3789 190 3862 melmae:
205 3793 297 3859 ,etiam
314 3794 445 3848 Latimtm
462 3794 498 3845 ad
514 3797 637 3845 Aeneam
657 3792 762 3859 legatos
778 3793 883 3843 misisse
907 3790 1036 3861 intelligi·

9 3874 69 3914 ιω.
103 3863 179 3915 Nam
203 3878 288 3930 supra
305 3866 382 3929 (75.)
407 3864 517 3915 Turnus
540 3870 648 3913 tantum
671 3862 790 3913 dixerat:
814 3859 944 3911 Nuntius
968 3861 1036 3912 haec

9 3930 138 3999 [ldmon],
156 3930 281 3999 Phrygio
300 3950 360 3983 mea
378 3935 451 3984 dicta
472 3933 617 3999 Tyranno.
651 3930 743 3998 [Certa
761 3938 869 3992 autem,
885 3947 937 3999 pro
953 3930 1036 3983 firma

9 4006 33 4049 et
45 4019 118 4068 sera,
134 4008 185 4053 aut
199 4008 276 4053 certe
292 4002 342 4053 hos
358 4002 464 4071 legatos
475 4000 584 4053 Idmoni
597 4000 739 4051 adiunctos
752 4005 842 4069 potest
856 3997 1034 4067 intelligi]-

11 4070 165 4129 ll2.'Pacis
183 4070 276 4155 dicere
292 4071 381 4139 legem·
404 4071 440 4140 [i.
458 4069 509 4136 e.],
532 4085 600 4139 quas
616 4069 698 4138 paulo
715 4077 777 4136 post
799 4067 905 4135 inipso
920 4067 1034 4120 foedere
