2424 4506
100 63 145 128 to
222 132 226 137 ,
356 58 497 123 sauvn
520 57 872 127 counrursmus

101 247 155 309 eis,
171 251 199 296 et
215 251 257 296 est
271 242 443 297 Archaismos
460 242 562 314 (Guell.
579 250 598 299 Ι.
617 250 649 301 Il.
667 246 821 317 saronem),
837 262 913 301 cassu
930 256 981 320 pro
998 246 1151 315 occul-⁸1:-

101 321 162 373 687.
178 311 368 365 Muliebribus
393 322 496 381 armis3
523 333 586 367 usus
611 319 744 383 obtinuit,
766 326 796 368 ut
818 319 1062 389 innuptas,-oirgi
1120 345 1159 379 a„

101 391 212 453 nuptas,
236 384 366 433 mulieres
389 398 522 436 vocemus.
556 387 628 437 Nam
650 387 722 455 apud
745 386 864 437 maiores
880 387 1030 440 indiscrete
1045 389 1114 455 virge.
1136 419 1160 451 ζ.

101 452 243 504 dicebatur
261 459 289 503 et
306 453 424 502 mulier.-
450 461 598 521 utrumque
622 457 696 505 enirn
713 450 806 506 serium
823 462 932 505 tantum
948 455 1078 523 significa
1095 479 1138 520 ›,.

101 529 133 571 ut
149 537 211 572 ecce
227 519 280 570 hoc
297 519 357 569 loco
375 521 442 572 ‹licit
463 524 547 573 armis
570 523 764 587 muliebribus,
788 539 852 573 cum
877 522 1025 575 Camillam
1045 524 1112 575 insu·
1136 557 1160 561 -

101 597 179 657 ptam
195 588 278 639 fuisse
294 588 472 641 manifestum
489 593 530 643 sit,
564 592 632 642 Item
656 592 685 642 in
707 591 841 640 Bucolicis
862 591 983 658 legimus
1000 597 1041 657 (6,
1055 590 1100 657 53.)
1117 589 1120 612 ⁵

102 658 144 708 At
161 660 241 722 virgo
260 656 376 727 infelix,
393 675 457 709 cunr
470 659 621 726 Pasiphaen
638 667 743 710 constet
760 676 791 710 ex
808 659 902 710 Minoe
919 668 984 711 ente
999 672 1160 724 αωοῐοιεξς

101 727 174 778 tauri
190 726 291 776 liberos
308 727 462 795 suscepisse.
496 718 641 779 Terentius
660 729 700 794 [in
716 727 832 794 Hecyra]
851 732 892 792 (3,
909 736 941 793 3,
958 727 1023 794 23),
1038 726 1113 781 etietl'

101 794 249 846 mulierem
267 802 328 862 post
343 804 467 862 partum,
491 799 628 864 virginem
652 804 742 847 vocat:
766 795 852 870 [Nom
871 799 972 846 uitium
991 796 1135 864 επτοῦῑιέΞ
1156 856 1160 860 ,

102 876 160 913 tum
178 865 288 930 virgini
304 863 373 912 olim
390 866 424 913 ob
444 868 537 915 nescio
557 883 610 930 quo
630 866 775 932 improbo]
790 891 822 901 -
835 870 917 921 ⁴588·
933 864 1042 919 Nomen
1056 872 1119 927 einp.

101 931 193 982 irrisio
218 938 257 983 est
280 933 471 1001 amaritudinis
495 934 584 1003 plene.
629 934 701 984 Nam
724 934 748 983 si
770 932 943 993 voluerimus
964 933 1148 1003 simplicitet:

102 1001 241 1066 accipere,
264 1007 295 1049 ut
317 999 357 1051 ita
379 999 413 1050 sit
439 1001 559 1067 dictum,
582 1001 818 1068 quemadmodum
841 1016 924 1071 supra
946 1005 1019 1068 (1ο,
1037 1000 1110 1061 Sistit
1132 1058 1145 1069 .

101 1069 207 1119 Aeneae
225 1070 323 1134 tnngni
340 1070 436 1120 dextro
462 1072 557 1122 codisr
579 1070 677 1140 incipit
701 1069 870 1121 contrarium
898 1085 955 1121 esse
977 1065 1160 1138 superiori,

101 1137 160 1189 bus.
194 1135 272 1188 Unde
290 1137 387 1193 melius
412 1145 464 1202 est,
488 1147 520 1188 ut
542 1152 745 1208 perseveremus
767 1138 797 1189 in
819 1152 913 1190 sensus
934 1138 1019 1191 etita
1033 1136 1123 1201 sitl'n?

101 1212 189 1256 cttun:
213 1204 347 1269 Magnam
364 1222 395 1256 re
413 1220 476 1258 vera
493 1207 611 1274 gloriam
633 1207 737 1259 laturus
762 1223 790 1258 es
806 1207 841 1257 ad
858 1221 954 1257 manes
971 1214 1111 1275 perenm
1135 1202 1160 1265 ’τ

100 1290 184 1343 quem
201 1273 322 1326 feminea
339 1275 395 1325 tela
412 1284 582 1344 superarunt.
601 1303 635 1313 -
668 1276 730 1333 692,
747 1274 891 1339 sedentis,-
915 1275 1022 1343 equitis.
1052 1272 1119 1327 Sese·
1135 1270 1160 1325 ¹.

100 1359 166 1394 eum
190 1357 222 1392 ex
245 1341 332 1393 vicino
355 1343 532 1411 intelligimus
555 1361 612 1396 esse
636 1343 826 1411 [percussum]
842 1371 876 1379 -
909 1348 970 1402 695.
988 1340 1160 1437 Iniecisse-,s

100 1409 266 1475 sinisterior,
290 1411 415 1462 breviore
437 1411 541 1464 scilicet
565 1413 676 1464 circulo.
697 1437 733 1448 —-
765 1408 832 1469 69&
859 1408 1056 1479 congeminans
1073 1408 1160 1497 fiel:

101 1477 329 1546 distinguendum.
362 1479 435 1530 Nam
457 1494 540 1532 nemo
564 1481 643 1534 dicit:
666 1482 788 1531 securim
811 1482 917 1531 vitinus
941 1480 1160 1549 congenitum-p..

99 1547 147 1599 sed
164 1550 279 1601 securis.
298 1575 333 1586 -
366 1553 427 1604 699.
446 1549 551 1600 Incidit
568 1550 649 1610 huic3
669 1550 801 1613 listune,
824 1564 888 1617 pro:
913 1550 944 1600 in
962 1549 1036 1600 hone
1052 1548 1136 1609 inst!

99 1618 149 1666 dit.
183 1615 327 1669 Terentius
351 1617 470 1682 (Phorm.
489 1622 520 1684 1,
537 1626 569 1682 3,
586 1618 654 1679 23.):
681 1617 739 1682 Ego
764 1620 796 1669 in
819 1633 880 1666 eum
906 1619 999 1668 incide*
1021 1618 1113 1687 infelix
1128 1612 1153 1645 t·

99 1687 205 1749 locum,
229 1697 259 1735 nt
276 1700 363 1751 neque
381 1686 452 1736 mihi
469 1689 631 1749 omittendi,
654 1703 741 1751 neque
765 1686 906 1737 retinendi
928 1689 967 1736 sit
984 1688 1140 1755 eopiosa-'15

97 1761 158 1811 700.
182 1753 402 1819 Apenninicolae
427 1755 544 1806 bellator
562 1756 650 1823 filius
673 1755 765 1815 Auni,
791 1755 855 1822 quia
878 1755 993 1821 Liguria
1018 1752 1160 1829 melothi

117 1831 176 1874 arte
193 1822 235 1872 sui
251 1823 282 1873 in
299 1821 442 1888 Apennino
459 1831 502 1874 est
517 1825 671 1881 constituta.
704 1821 826 1891 Ligures
845 1835 937 1873 eutem
956 1841 1051 1875 omnes
1060 1822 1113 1893 fel·
1132 1830 1160 1899 ,j

97 1841 173 1941 loces
197 1901 278 1953 sunt,
302 1890 371 1940 sicut
394 1891 433 1942 ait
456 1892 525 1942 Cato
548 1891 578 1942 in
600 1892 717 1943 secundo
743 1888 993 1957 Originum-libro.
1029 1890 1114 1944 Filius
1132 1898 1160 1957 ’ζ

97 1959 175 2008 Auni
181 1976 189 2022 ;
208 1959 300 2009 Aunus
317 1958 427 2010 scilicet.
461 1960 548 2025 Nam,
564 1968 595 2010 ut
611 1974 693 2027 supra
705 1958 828 2024 diximus,
839 1972 917 2025 cum,
933 1952 1011 2012 dictis
1026 1960 1160 2032 pareri}

95 2028 183 2088 tibus,
205 2025 326 2077 liliorum
349 2029 462 2078 nornine
485 2030 707 2097 supprimuntur,
730 2045 776 2079 eos
793 2028 866 2097 patri
882 2030 1060 2096 cognomines
1078 2029 1116 2081 iu·
1131 2038 1160 2095 ζ

95 2095 258 2162 telligimus:
282 2103 313 2144 ut
336 2101 382 2161 (9,
400 2096 491 2158 360·):
522 2098 636 2149 Tiburti
658 2096 776 2148 Remulo
805 2099 966 2149 ditissimus
991 2100 1066 2150 olim·
1086 2114 1117 2144 .-·
1133 2098 1156 2123 ·’“

96 2171 157 2222 703.
183 2163 338 2230 [Reginam
364 2177 501 2230 avertem
531 2165 644 2237 proprio
666 2165 751 2216 verbo
775 2180 838 2216 usus
864 2173 917 2231 est,
947 2175 979 2217 ut
1000 2173 1042 2218 est
1062 2178 1116 2217 moe
1137 2165 1160 2239 ξ

96 2232 239 2300 equestris,
255 2232 273 2283 i.
291 2250 314 2283 e.
333 2249 389 2284 non
406 2244 501 2303 sperat
515 2238 584 2300 fore,
601 2241 632 2285 ut
647 2235 724 2285 illam
742 2234 893 2300 everteret]
907 2261 942 2271 -
975 2240 1038 2293 704.
1058 2234 1117 2287 Ver·
1142 2232 1152 2317 ⁴,

97 2318 160 2352 sore
178 2300 257 2355 dolos
282 2304 442 2368 ingressus3
466 2311 600 2367 tractare,
622 2311 653 2353 ut
675 2310 716 2368 (2,
733 2303 804 2363 62.):
829 2303 882 2353 Seu
907 2320 1019 2355 versure
1037 2302 1119 2369 dolos,
1147 2326 1159 2377 J

96 2370 145 2420 seu
164 2382 252 2420 certae
271 2372 429 2421 occumbere
447 2376 538 2423 morti.
573 2372 659 2436 Astu;
677 2371 792 2421 malitie.
825 2371 897 2422 Nam
914 2374 1117 2438 proprienstu·

96 2449 155 2503 tos,
180 2439 331 2489 malitiosos
353 2451 491 2490 vocamus.
529 2441 608 2490 Unde
630 2440 659 2490 in
683 2439 814 2490 Terentio
841 2441 938 2506 (Andr.
957 2447 987 2506 1,
1004 2450 1038 2507 2,
1056 2441 1119 2508 (2.),
1154 2442 1156 2449 “

95 2513 242 2575 postquem
259 2506 293 2558 de
310 2504 422 2557 domino
437 2508 503 2559 dixit
519 2520 609 2560 servus
621 2510 732 2558 Astures
749 2509 796 2558 ille
815 2508 899 2558 iratus
917 2509 968 2560 ait:
987 2510 1119 2578 Cornzfee
1149 2506 1160 2545 3²

95 2592 166 2642 quoe
185 2574 331 2643 loquitur?
359 2572 708 2641 'Cicero(Verr.1‚11.):
733 2577 776 2625 Ito
788 2576 840 2642 fit,
859 2589 888 2625 ut
905 2590 955 2626 tun
974 2581 1029 2628 ista
1048 2578 1118 2631 rotie
1149 2580 1159 2614 ³²

94 2647 269 2696 existimetur
286 2656 395 2696 astuta:
421 2662 511 2696 meum
529 2645 581 2696 hoc
606 2645 759 2697 consilium
778 2648 975 2697 necessarium.
992 2671 1029 2685 -—
1061 2652 1120 2707 705,
1148 2647 1160 2685 ³<

95 2714 218 2765 Dimitte
241 2714 362 2782 fugam,⁸
393 2713 412 2764 i.
436 2733 474 2779 e.‚
506 2715 570 2782 equi
602 2708 784 2778 celeritatem,
813 2715 858 2765 cui
888 2714 963 2779 fidis,
990 2716 1121 2785 relinque
1148 2708 1155 2744 ἶ

95 2783 201 2851 [Fugo,
223 2783 282 2834 ie.
300 2783 440 2848 celeritas,
461 2791 492 2833 ut
507 2781 641 2836 luvenalis
659 2781 744 2833 etiam
766 2783 869 2834 indicat
885 2798 977 2834 versus
995 2789 1038 2850 (8,
1053 2786 1120 2849 61.»
1152 2792 1160 2821 <

95 2851 186 2902 Cuius
203 2852 280 2901 claro
293 2852 370 2920 fugo
394 2862 458 2901 onte
476 2851 565 2916 ulios,
589 2862 614 2901 et
636 2853 746 2917 primus
771 2853 802 2902 in
820 2870 938 2918 aequore
955 2853 1072 2919 pulvis]
1088 2875 1121 2893 -·
1147 2854 1157 2895 ⁵

92 2925 154 2978 708.
174 2917 293 2971 Ventoso
305 2921 385 2988 ferat
409 2922 457 2970 eui
474 2922 567 2988 gloria
580 2919 731 2986 frondem,-
755 2920 824 2973 haec
848 2929 889 2972 est
912 2937 976 2972 vera
1001 2929 1029 2972 et
1055 2924 1119 2975 anti·
1155 2924 1160 2954 ²⁸

92 3004 147 3058 qua
163 2986 258 3039 lectio:
282 2995 313 3037 ut
330 2990 476 3056 [frondem
495 2989 680 3039 non-laudem
697 2989 786 3056 leges:
811 2996 841 3038 ut
861 2989 884 3039 si
895 2986 1032 3058 fraudem
1050 2991 1121 3071 lege·
1151 2986 1159 3021 '²

92 3055 141 3121 ris]
157 3055 191 3106 sit
207 3069 314 3107 sensust
336 3059 420 3111 Pedes
445 3056 627 3125 congredere:
650 3057 708 3107 iarn
733 3073 879 3125 agnosces,
902 3057 947 3107 cui
970 3058 1061 3111 inanis
1082 3078 1119 3111 re·
1151 3058 1160 3096 (ἵ

91 3123 195 3178 stantia
219 3126 317 3176 afferet
341 3138 469 3192 poenam.
509 3126 581 3177 Nam
599 3122 749 3192 fraudem,
772 3134 876 3177 veteres
899 3141 1021 3196 poenam
1044 3145 1120 3181 voca·
1156 3134 1160 3161 ⁵

91 3193 172 3245 bant:
194 3193 241 3261 [ab
259 3208 292 3244 eu
309 3194 383 3259 quod
400 3194 553 3264 praecedit,
576 3192 605 3244 id
623 3195 697 3260 quod
713 3197 849 3262 sequitur,
872 3202 902 3244 ut
919 3196 1062 3260 (2‚.229.)t
1083 3198 1119 3247 Et
1149 3198 1160 3233 '³

92 3263 183 3314 scelus
207 3261 369 3327 expendisse
395 3275 540 3312 merentem
558 3260 720 3313 Laocoonta
744 3263 847 3330 ferunt.
883 3264 983 3314 Cicero
1007 3266 1037 3316 in
1054 3267 1120 3318 Cor·
1152 3269 1157 3289 ·’

81 3327 222 3393 ,nelianisz
238 3328 280 3380 Ne
291 3329 399 3397 fraudi
417 3334 455 3380 sit
473 3333 500 3381 ei
518 3333 567 3397 qui
579 3332 711 3397 populum
726 3332 762 3380 cd
778 3335 979 3382 contentionem
995 3332 1121 3400 vocarit]
1157 3340 1160 3371 ἵ

91 3399 128 3450 Ut
145 3398 231 3450 etiam
252 3397 282 3448 in
306 3399 418 3466 antiquo
436 3401 608 3465 cognoscitur
631 3401 699 3451 iure.
735 3399 888 3466 [Sallustius
911 3401 941 3452 in
959 3403 1119 3456 Catilinario
1137 3400 1160 3437 'f

90 3469 172 3533 (36.)t
196 3467 397 3518 Dt'emxstotuz't
415 3479 562 3532 antequam
581 3469 642 3518 sine
660 3469 768 3537 fronde
792 3470 885 3519 liceret
903 3471 936 3518 ab
956 3474 1046 3521 armis
1063 3474 1121 3524 dis·
1153 3466 1156 3479 '

92 3536 192 3586 cedere·
226 3536 275 3585 Est
292 3545 384 3611 sutepn
401 3537 562 3604 Hypallage,
585 3548 649 3604 pro:
674 3538 719 3587 cui
743 3540 816 3588 fraus
833 3540 905 3587 serat
920 3538 1060 3605 gloriam]
1093 3536 1120 3593 Sl

92 3604 186 3656 eutem
204 3603 313 3654 laudem
332 3604 494 3671 legerimus,
517 3604 571 3655 erit
592 3605 699 3656 sensus}
721 3608 871 3672 Agnosces,
894 3607 938 3655 cui
955 3607 1046 3658 insutis
1064 3609 1121 3676 glo·
1148 3608 1157 3634 ¹·

90 3672 134 3725 rio
159 3670 257 3725 afferat
279 3672 396 3725 laudem.
449 3672 567 3724 Ventoso
591 3682 685 3724 autern
708 3676 801 3739 glorio
826 3683 881 3741 est,
912 3692 996 3742 quarn
1019 3674 1122 3730 Giacci
1153 3672 1158 3703 ³

90 3735 243 3804 ἐτἐνοδοξιάν
261 3751 364 3793 vocant.
383 3769 416 3778 -
450 3749 511 3798 710.
531 3741 704 3809 Por'ibusque
731 3747 836 3795 resistit
860 3747 891 3794 in
917 3747 1005 3794 ortuis
1023 3748 1120 3811 pedes5
1155 3744 1159 3751 ⁸

91 3811 161 3863 sieut
185 3811 268 3863 etiarn
292 3808 373 3862 illurn
397 3826 608 3880 congressurum
625 3811 746 3881 putabat.
764 3840 798 3849 -
833 3820 894 3871 711·
911 3811 985 3864 Puro
1003 3830 1120 3881 parmae
