2288 4514
85 300 126 341 m
151 278 325 343 uranu„
348 278 506 379 otono.
526 286 565 352 2,
587 285 760 357 aaa-3,
784 240 838 352 1¹1.
929 284 994 349 333

14 462 161 532 Ταηίὺς
181 464 287 523 tardis.
295 466 443 531 noctibus,
464 466 483 519 i.
502 486 527 521 e.
544 464 622 519 tarde
639 466 824 531 venientibus,
838 466 857 517 ι’.
874 482 898 519 e.
917 464 996 517 aesti-

16 532 178 601 Hiberni3
195 534 292 589 Celsus
308 534 453 589 Oceanum
469 536 618 605 significari
635 536 685 602 ait,
723 537 750 587 ui
767 543 844 589 aestu
859 552 908 585 suo
926 532 996 586 difli-

10 620 130 665 amm.
144 604 224 657 inter
235 604 445 657 Mauritaniam
460 614 489 657 ot
504 606 675 675 Hispaniam.
735 614 746 656 t
762 606 816 657 hoo
832 605 881 668 sit,
906 605 993 659 obici-

10 674 130 743 τιμὴ.
167 672 263 726 ciuis
284 682 381 725 autem
403 672 528 727 bravium
545 675 653 727 dierum
672 682 726 738 est,
750 673 824 743 quod
840 673 919 741 signa
934 672 996 739 liis-

10 746 221 805 amaria
236 742 379 810 misnnu,
400 751 482 811 sapie
499 744 639 807 occidaut;
663 758 747 796 causa
767 743 916 811 longorum
938 740 996 793 die-

10 810 261 935 id'ffimiffli
274 818 353 933 ‘iii
367 812 758 937 dimittitis}
774 816 854 934 iiii?
870 809 995 931 Bttt'zt

10 931 144 1025 βψ
166 948 200 1003 in
222 949 365 1003 montibus
387 950 526 1004 celebrari
548 899 682 1004 soledant’
701 969 718 1004 a
742 948 851 1003 furiosis
913 947 996 1012 cobis,

10 1024 65 1085 “J
77 1016 241 1089 Spetfnnit,
285 1033 377 1071 iorum
392 1036 473 1073 mons
488 1028 550 1074 erat
567 1022 702 1091 Taygete,
717 1016 861 1089 ὃῦσμαιναι
877 1016 995 1089 appella-

65 1086 134 1155 ]·-
168 1094 235 1147 488.
256 1034 321 1157 δαί·
341 1105 399 1155 me,-
424 1091 474 1157 qui
496 1105 549 1157 pro
573 1092 696 1158 aliquis,
716 1099 745 1143 et
767 1087 997 1151 subaudiendum,

42 1178 88 1220 9.·-
119 1160 188 1225 492.
205 1156 411 1227 strepitumque
427 1158 610 1223 Acherontis,
633 1161 652 1213 i.
669 1178 692 1212 e.
716 1159 876 1228 opinionem
898 1156 996 1208 tormi-

86 1226 301 1351 Jfflmmlgo
322 1226 359 1279 sit
382 1228 429 1295 (al
446 1228 495 1287 est)
517 1228 553 1280 de
569 1229 731 1282 Acheronte.
749 1256 783 1267 -·
823 1232 885 1285 497·
903 1226 995 1289 Istro,-

306 1294 312 1307 “
371 1312 402 1349 sa
418 1296 589 1363 affirmabat,
610 1298 684 1350 huno
708 1314 817 1351 morem
833 1313 891 1349 esse
907 1294 996 1348 Daco-

10 1365 181 1434 [ΝΜ
195 1362 267 1417 adh
338 1364 592 1433 proficiscerentur,
615 1382 672 1419 non
696 1370 772 1435 prius
796 1383 858 1417 rem
875 1380 995 1433 capesse·
1032 1366 1036 1375 ’

56 1450 151 1517 ’ψη
167 1424 290 1487 do-lstro
305 1442 415 1487 certum
431 1435 548 1487 modum
571 1436 730 1488 haurientes
755 1453 803 1487 ore
826 1436 856 1485 in
879 1432 995 1485 modum

57 1502 115 1557 nni
135 1502 278 1567 iutrarent,
300 1518 358 1555 non
380 1520 411 1556 se
434 1506 469 1557 ad
492 1504 599 1575 patriae
622 1505 716 1557 sedem
732 1519 920 1573 regressuros,
943 1500 996 1554 nisi

101 1570 205 1633 cassin
220 1563 250 1623 el
264 1572 369 1635 idcirco
377 1572 524 1642 Virgilium
541 1574 671 1626 familiari
687 1574 740 1625 sibi
755 1574 899 1655 hypallage
914 1586 998 1623 tuum

100 1640 427 1707 Istrumeoniuratum,
444 1644 516 1713 apud
533 1660 619 1712 quem
634 1642 705 1694 Daci
720 1659 867 1695 coniurare
884 1657 996 1693 consue-

84 1734 120 1749 -
154 1712 219 1769 499.
235 1710 293 1761 Aut
309 1709 419 1776 doluit,-
435 1730 493 1765 non
510 1713 650 1765 crudelem
668 1712 802 1763 rusticum
818 1711 931 1775 inducit,
948 1708 996 1779 qui

10 1776 62 1849 μ’
75 1794 133 1833 non
155 1778 337 1843 misereatur,
366 1781 415 1833 sod
438 1782 485 1850 qui
508 1783 596 1833 sciens
619 1789 813 1851 paupertatem
836 1778 997 1848 mal[or]um

10 1860 112 1922 με,
126 1848 259 1919 pauperis
274 1864 332 1901 uon
348 1848 440 1902 doleat
456 1858 577 1903 sortem:
595 1859 623 1901 et
639 1850 702 1901 ideo
719 1851 833 1915 adiecit,
851 1862 901 1901 out
919 1851 994 1899 invi-

10 1906 158 1985 thebsnti,
180 1918 248 1987 quia
263 1934 320 1989 uon
336 1918 452 1984 invidet,
477 1922 564 1972 sciens
581 1919 685 1971 divitias
701 1919 788 1971 bonas
805 1937 862 1971 non
879 1936 945 1971 esse.
962 1944 996 1954 -

44 1984 146 2039 Ferrea
163 1986 339 2055 iura,·,qbia
362 1989 471 2041 veniam
495 1989 563 2042 dare
586 2005 643 2041 non
667 1989 742 2041 norit
759 1989 803 2055 (G.
822 1986 945 2049 norunt).
960 2014 996 2025 -

26 2112 30 2121 ¹
52 2054 228 2121 tabularia,
256 2054 370 2124 negotia
392 2057 517 2126 publica,
546 2066 574 2112 et
597 2060 721 2112 rationes
744 2058 852 2130 populi,
873 2073 943 2127 quae
965 2056 996 2108 in

10 2120 66 2195 ulit
80 2124 257 2191 scribuntur,
280 2124 354 2177 undo
369 2126 505 2179 tabularia
523 2128 603 2179 dicta.
642 2129 732 2181 Vidit:
754 2135 878 2197 expertus
895 2134 949 2191 est,
966 2130 998 2175 ut

10 2198 67 2259 211,
80 2193 169 2255 ml:
186 2194 253 2245 Illis
269 2194 387 2246 Aetneos
403 2197 478 2247 vidit
491 2197 628 2265 Cyclopas
647 2200 752 2250 Ulixes.
764 2225 799 2233 —
832 2203 893 2255 508.
910 2194 996 2251 Hune

10 2274 86 2329 tutus
97 2262 226 2315 hiantem
234 2287 245 2329 ,·
261 2278 369 2317 sensus:
385 2264 431 2318 hio
449 2267 531 2318 audet
546 2269 714 2333 contionari,
731 2274 759 2319 et
775 2268 805 2317 in
821 2266 915 2317 rostris
932 2279 997 2315 con·

10 2336 78 2395 m
99 2332 215 2401 populi,
233 2334 413 2403 favoremque
436 2335 562 2389 miratur.
579 2362 614 2373 -
649 2342 709 2397 516.
727 2336 862 2403 Requies;
883 2350 935 2387 nec
951 2332 996 2385 τοὶ

10 2396 94 2473 ’Μ’ῼ,
115 2418 171 2455 nec
192 2400 368 2455 intervallum
384 2412 432 2456 est.
449 2430 483 2441 -
524 2412 586 2463 517.
603 2405 740 2475 Mergite;
767 2405 894 2472 mergites
911 2405 998 2454 fasces

10 2462 124 2523 horum
155 2470 243 2541 spicas
272 2470 453 2538 habentium,
482 2491 550 2543 quas
578 2484 713 2528 metentes
737 2474 856 2525 brachiis
883 2472 997 2523 sinistris
1053 2518 1056 2523 .

10 2538 201 2607 lpleotuntnn
264 2542 271 2553 ⁰
292 2556 339 2591 am
360 2558 440 2595 cavos
462 2543 564 2596 dicunt.
582 2571 613 2582 -
657 2550 718 2602 519.
735 2544 870 2610 Sicyonia
894 2543 997 2603 bocco,

10 2606 99 2663 titiam
123 2608 217 2663 oleum
253 2609 391 2677 'cyonium
414 2628 517 2680 magno
541 2615 570 2665 in
594 2616 683 2681 pretio
708 2621 755 2664 est.
789 2613 909 2679 Sicyon,
932 2609 998 2660 urbs

10 2676 158 2747 bpmuast.
192 2678 324 2744 Trapetis
340 2690 448 2745 alitem,
472 2682 553 2733 molis
574 2682 704 2750 lapideis,
726 2681 774 2731 ubi
792 2681 860 2732 oliva
877 2676 998 2729 molitur.

33 2746 271 2813 &perquiras-3
296 2749 440 2801 familiaris
456 2760 497 2801 est
511 2752 601 2818 figura
625 2767 676 2819 pro
701 2750 842 2818 coquitur,
862 2756 894 2799 ut
916 2746 999 2798 mite·

10 2822 84 2869 t.-'
120 2823 182 2875 52⁷.
199 2816 297 2867 Festos
304 2841 314 2882 ,-
337 2834 395 2870 non
416 2836 482 2871 cum
504 2820 565 2873 festi
590 2821 726 2882 venerint,
748 2820 797 2871 sed
819 2832 915 2868 omnes
932 2815 999 2879 dies,

10 2886 43 2949 rei
59 2886 233 2955 futosagit,
254 2886 274 2937 i.
291 2904 314 2937 e.
331 2887 423 2939 laetos.
440 2920 473 2930 -
509 2895 570 2947 528.
587 2890 668 2957 Ignis
688 2890 753 2951 nbi;
776 2890 805 2941 iu
829 2885 921 2938 medio
948 2887 998 2937 uti

10 2960 56 3017 tis,
69 2962 100 3009 at
122 2954 235 3025 propria
261 2968 448 3022 coronantur,
474 2972 559 3027 usque
583 2960 617 3010 ad
635 2973 768 3009 coronam
792 2972 928 3007 summam
946 2954 999 3005 im-

10 3032 85 3079 ntur.
102 3050 138 3063 ·-
172 3032 235 3083 532.
251 3022 336 3074 Hono
353 3028 458 3091 viram,-
482 3028 500 3078 i.
517 3046 555 3091 e.‚
580 3042 696 3079 aureum
718 3026 849 3079 seculum.
866 3050 901 3061 -·
935 3024 999 3082 533.

10 3094 100 3164 Ἡγίας
119 3093 275 3145 maximum
291 3094 368 3145 enim
384 3096 534 3165 imperium
551 3096 732 3147 Eirinoorum
748 3095 778 3147 in
795 3093 873 3146 ltalia
890 3094 951 3158 fuit,
968 3102 999 3143 ut

18 3162 131 3228 lirim,
152 3162 190 3215 ab
206 3163 320 3231 Alpibus
343 3180 428 3231 usque
451 3165 487 3217 ad
512 3168 616 3216 fretum
634 3163 762 3216 Siculum.
805 3164 883 3215 Unde
905 3170 999 3214 totum

10 3250 62 3299 re,
83 3232 160 3301 quod
176 3250 194 3285 a
211 3232 307 3285 dextra
322 3232 409 3284 Italici
424 3234 512 3285 litoris
528 3242 582 3298 est,
604 3232 782 3301 Tyrrhenum
798 3232 907 3286 dicitur.
939 3232 1000 3301 Hoo

10 3316 55 3357 ,το
70 3300 179 3369 doctius
196 3300 293 3353 dividit
311 3300 341 3353 in
358 3303 511 3369 provincias
527 3303 655 3355 marinas.

25 3370 142 3437 θοοῖς.
157 3377 192 3437 3,
208 3376 234 3427 3.
262 3370 414 3435 carmina,
430 3371 531 3439 legitur
549 3380 576 3424 et
593 3373 733 3435 carmine,
750 3376 795 3438 et,
810 3379 842 3423 ut
858 3378 1001 3439 puto,·re·

10 3456 46 3495 tt.
78 3438 144 3503 Non
165 3438 244 3491 euim
259 3439 327 3491 dicit
349 3447 442 3492 cetera
465 3442 591 3493 carmina
613 3441 671 3492 iarn
689 3442 813 3509 vulgata,
835 3440 884 3493 sed
905 3446 1001 3491 uetera

10 3510 67 3565 usia
80 3506 224 3573 absoluta,
246 3507 265 3559 i.
282 3527 306 3561 e.
322 3516 433 3563 ceterae
451 3526 546 3562 omnes
563 3526 606 3561 ras
623 3510 757 3578 vulgatae.
776 3536 809 3548 -
843 3517 868 3569 5
886 3502 999 3559 Busiri-

10 3598 32 3645 ῖς
52 3570 174 3629 'Busiris
196 3576 313 3648 Aegypti
335 3594 383 3631 rex
404 3580 532 3631 omnihus
556 3579 634 3631 annis
651 3580 706 3630 Iovi
730 3578 849 3648 hospites
871 3576 1001 3629 immola·
1041 3612 1044 3625 ·
1077 3626 1085 3633 .

10 3658 35 3709 t.
57 3648 134 3699 Nam
151 3663 203 3717 per
220 3660 281 3697 octo
299 3663 386 3701 enisos
402 3649 544 3701 sterilitate
561 3651 686 3716 Aegypto
702 3645 862 3709 laborante,
884 3646 1000 3713 Pygma·

10 3716 160 3797 acypriut
174 3715 262 3768 finem
279 3718 405 3769 futurum
421 3719 547 3779 nonsit,
571 3719 623 3769 nisi
646 3719 779 3786 sanguine
803 3714 918 3782 hospitis
939 3715 1001 3765 lita·

10 3802 30 3839 n
46 3786 151 3839 fuisset.
183 3784 292 3837 Primus
309 3793 407 3855 autem·
420 3786 551 3853 Thyestes
567 3784 720 3857 alienigena
743 3786 900 3839 immolatus
917 3782 1002 3851 origi·

10 3870 37 3907 m
50 3853 188 3909 &orificio
206 3855 290 3907 dedis
323 3854 382 3916 Alii
391 3854 444 3906 sio:
462 3852 577 3907 Busiris
594 3858 715 3925 Neptuni
732 3857 802 3907 tilius
819 3870 866 3905 rex
878 3848 1003 3922 Aegypti,
1036 3854 1039 3859 '

10 3924 102 3997 ideam
118 3925 175 3975 Iovi
189 3923 310 3992 hospites
326 3922 500 3990 immolaret,
522 3927 584 3994 pari
600 3928 727 3997 exemplo
751 3930 884 3977 mactatus
907 3928 949 3973 eat
964 3918 1001 3973 ab

10 3994 103 4059 route,
132 3992 224 4064 ipsum
254 4008 364 4061 quoque
387 4010 467 4047 ausus
490 3996 545 4046 aris
570 3996 725 4048 admovere.
749 4020 783 4032 ·-
824 3996 867 4049 lf-
891 3992 1000 4053 Aonios

10 4062 100 4130 sotio,
122 4061 259 4133 quodibi
281 4061 367 4134 primi
383 4064 472 4117 dones
487 4065 609 4117 fuenrnt.
642 4062 762 4130 Muros,-
784 4060 903 4115 Helicon
919 4076 999 4115 mons
