2288 4514
114 276 155 341 66
376 265 515 363 sustu
538 259 895 325 COMMENTARIUS
992 288 1002 297 ·

115 454 145 524 [i.
167 472 193 507 e.
220 453 364 524 conceptio
371 451 396 518 ,]
426 467 490 501 cum
519 464 613 503 sermo
643 449 674 501 in
705 446 835 499 omnibus
856 446 1008 515 congruat.
1048 444 1098 513 lug
1121 468 1122 474 =

119 525 206 588 mole3
225 540 341 595 pompa,
359 521 474 571 ambitu.
509 521 582 571 Num
600 518 683 571 modo
701 517 754 569 hoc
772 515 919 585 siguificat.
936 542 974 555 ·-
1005 518 1068 571 'tou
1083 516 1118 583 [h

119 610 197 657 cum;
217 594 354 655 absoluta,
372 608 403 642 ex
421 588 500 639 omni
517 597 609 660 parte,
632 595 663 636 ut
679 587 701 638 si
719 587 793 637 dicas
809 597 937 655 tempora
958 585 1050 637 radiis
1066 588 1098 634 cr*
1123 629 1124 632 ,

119 661 185 728 tun]
201 689 236 700 ·-
272 666 332 718 164.
351 659 427 710 Solis
445 661 494 709 ovi
512 660 665 725 spscimen3
688 663 720 705 ut
742 655 827 706 etiam
849 654 881 705 in
898 654 1020 723 septimo
1035 652 1107 703 dimo

118 731 233 783 Latinus
249 729 400 782 secundum
417 727 568 781 Hesiodum
585 729 615 778 in
633 721 809 789 ἐσπιὸοποιῖζι
827 722 1015 791 (Theogom),
1030 719 1102 773 Ulixis

120 801 218 853 Circae
235 798 306 849 filius
322 799 390 862 fuit,
407 810 493 865 quam
510 796 591 847 multi
608 797 693 848 etiam
706 795 845 845 Maricam
861 792 968 845 dicmrt.
1001 787 1118 860 >Sestum

119 884 204 936 quem
219 884 294 919 nuuc
312 866 395 931 dicit,
420 865 488 915 Solis
512 865 554 916 avi
577 865 727 933 specimen.
761 863 836 914 Nam
851 860 936 913 Circe
953 858 1023 911 Solis
1038 866 1076 911 est
1094 866 1107 890 “1

118 938 189 990 Sane
206 935 365 999 sciendum,
382 934 528 1002 Virgilium
546 934 575 984 in
593 934 726 985 varietate
742 931 893 996 historiae,
913 944 966 981 sim
982 927 1065 981 etiam
1082 945 1119 982 ⁴³¹,

119 1006 235 1059 variare.
267 1003 322 1056 Sed
339 1004 373 1056 de
390 1004 479 1066 Ulixe,
502 1012 531 1054 ut
548 1002 634 1055 etium
659 1018 690 1052 su
711 1016 753 1052 ra'
766 1000 900 1063 diximus,
920 1004 1075 1069 temporum
1098 1026 1099 1034 .

119 1077 192 1128 ratio
210 1072 326 1125 credere
344 1087 401 1124 non
418 1071 490 1123 sinit.
525 1071 608 1138 Bt'gr's
633 1073 656 1122 it
701 1086 808 1133 umus5
831 1066 959 1137 quotiens
981 1064 1077 1117 utiuuu

121 1142 244 1197 minibus
269 1148 379 1192 tantum
403 1140 515 1208 pluralis
539 1141 666 1203 numeri,
689 1147 719 1191 et
742 1154 829 1188 unum
852 1130 979 1187 volumus
994 1150 1029 1194 sr;
1043 1158 1077 1178 ιι

120 1214 159 1266 ila
180 1211 300 1263 dicimus
325 1228 399 1259 unas
427 1211 524 1277 bigas,
556 1226 630 1260 unas
652 1206 827 1277 quadrighs,
857 1222 933 1257 unas
959 1204 1059 1257 scalas.

120 1282 216 1333 Iustius
240 1279 336 1344 (Catil.
353 1279 402 1340 6.):
431 1278 474 1328 lli
497 1290 644 1346 postquam
672 1281 703 1328 iu
730 1293 788 1326 utra
814 1275 926 1326 moenio
950 1286 1093 1328 consensu.

123 1356 183 1409 165.
201 1348 305 1416 [Bina3
329 1362 379 1416 pro
404 1345 530 1410 duobus]
547 1375 582 1384 —
618 1352 678 1405 166.
696 1346 843 1395 Romanae
860 1344 962 1409 stirpis
985 1344 1075 1409 otim

123 1420 159 1472 ad
181 1417 292 1470 laudem
315 1417 429 1484 Augusti
451 1417 573 1485 respicit.
590 1434 626 1453 -ε-
668 1422 727 1473 167.
745 1415 868 1483 [Siderea
888 1412 1026 1481 flagrans
1041 1410 1064 1461 sl
1098 1439 1113 1444 ·=

122 1487 223 1540 Latino
240 1494 350 1538 tantum
367 1485 523 1554 imaginem
540 1483 608 1536 Solis
626 1483 708 1537 dedit.
742 1485 866 1536 Aeneam
888 1490 985 1535 autem
1007 1494 1066 1531 cum
1085 1476 1106 1539 “,

122 1572 172 1609 reo
196 1554 291 1626 clypeo
315 1555 375 1621 ipse
399 1554 605 1622 quodammodo
629 1548 777 1621 comparat
790 1551 866 1618 Soli]
882 1576 918 1591 -·
958 1544 1070 1608 10814
1112 1599 1116 1624 r

125 1644 188 1695 spes
206 1625 295 1676 ultera
313 1623 433 1687 Romae;
458 1624 532 1691 [ideo
550 1622 616 1691 quia
632 1623 737 1675 Aeneas
755 1620 832 1686 una]
864 1619 942 1673 Male
965 1613 1092 1687 [auum]
1118 1683 1119 1688 Ἰ

123 1697 189 1748 dam
214 1710 318 1762 magna
341 1693 445 1773 legrmt.
478 1690 561 1760 [Sane
578 1693 685 1743 Ascanii
708 1692 806 1743 batum
823 1692 837 1723 *
853 1689 1001 1755 (habitum
1021 1685 1059 1739 sal
1077 1708 1094 1724 ··

123 1764 195 1827 turn)
211 1762 398 1830 omisit,q1ua
414 1777 484 1830 puer
501 1758 561 1826 est]
578 1786 609 1798 -
647 1763 708 1819 169.
726 1761 855 1827 Puraquc
873 1763 906 1810 r'n
923 1769 997 1809 ocsts
1012 1773 1042 1808 ss
1112 1773 1114 1782 ’

124 1832 270 1901 impolluta
286 1839 315 1884 et
330 1848 402 1901 pura
418 1830 520 1882 dicitur
537 1829 630 1892 vestis,
652 1846 709 1898 qua
731 1830 807 1881 fertis
831 1827 928 1880 diebus
952 1826 994 1877 uti
1015 1840 1057 1877 oo
1080 1845 1094 1860 ¹=

125 1909 190 1955 rant
212 1918 290 1954 sacra
313 1899 488 1952 celebraturi.
521 1898 570 1965 [Ut
591 1914 683 1966 neque
706 1900 815 1951 funesta
832 1897 882 1962 sit,
904 1895 1028 1965 nequet
1054 1915 1059 1950 f
1072 1911 1082 1933 ¹⁴
1119 1897 1122 1906 ’

124 1986 215 2040 neque
231 1968 371 2020 maculam
387 1969 491 2019 habeat
505 1973 557 2020 ΘΚ
568 1966 642 2032 (hab.
660 1967 705 2029 uh)
721 1967 836 2019 homine
853 1973 976 2035 mortuo.
1007 1963 1055 2015 En
1075 1979 1098 2008 ss
1125 1999 1126 2002 η

49 2092 53 2111 ,
125 2041 199 2093 linea
215 2046 243 2091 et
266 2053 415 2105 purpurea.
449 2038 577 2103 Purpura
599 2034 686 2087 maris
710 2037 799 2088 vicem
823 2035 858 2087 ad
881 2034 1017 2105 piandum
1036 2046 1066 2103 pr
1087 2064 1090 2069 ‹

124 2108 214 2175 lirrurn
228 2122 296 2159 vero
313 2105 451 2169 fluminis,
472 2105 538 2172 quia
561 2121 627 2155 cum
643 2121 707 2158 vere
729 2106 854 2176 primum
875 2105 907 2156 in
925 2102 1040 2155 Oriente
1059 2106 1111 2170 ³¹⁵⁴.
1133 2137 1134 2148 .

124 2174 283 2227 inundasset
304 2182 402 2244 sponte
424 2184 473 2224 'sua
496 2173 585 2224 linum
607 2173 755 2227 nationis*
773 2178 882 2240 (natum
905 2170 978 2234 esse)
999 2167 1092 2221 Punite

127 2244 231 2296 curdus
249 2243 323 2296 dicit.
358 2243 424 2295 Ideo
442 2242 620 2308 Magistratus
637 2250 666 2296 et
682 2242 863 2301 sacrificaturi
878 2249 977 2309 togam
994 2218 1136 2312 praeteffl

126 2312 245 2377 babent,
278 2320 306 2363 et
336 2327 435 2364 manus
465 2310 571 2364 ablutas
593 2312 742 2379 detergere
770 2310 851 2364 lineis
873 2309 1035 2369 mutilibus
1054 2290 1136 2357 crus!¹

127 2382 208 2450 Quod
224 2382 282 2450 ipse
300 2378 334 2432 de
350 2382 459 2432 Aristeo
477 2381 530 2446 ait,
553 2382 596 2433 tv.
615 2380 821 2450 Georgicorum
837 2380 937 2446 (381.);
962 2379 1073 2431 Ocmno
1088 2364 1136 2427 liu

129 2469 199 2501 mus.
234 2452 271 2501 Et
293 2452 391 2515 (arob
415 2449 554 2501 Manibus
579 2450 704 2516 liquidos
722 2451 793 2499 dont
811 2450 909 2501 ordine
927 2447 1028 2518 sontes
1045 2438 1136 2497 ‘istm‘

129 2537 195 2570 nos:
214 2521 360 2586 tonsisque
369 2519 473 2589 serunt
491 2521 625 2571 montilio
643 2520 731 2570 villis.
766 2519 837 2570 Ecce
855 2518 1029 2571 mentionem
1045 2516 1079 2568 do
1092 2508 1136 2565 lit!¹

126 2605 237 2640 rursum
262 2603 386 2655 purpura
411 2592 463 2653 (3,
485 2588 580 2648 408.):
608 2587 751 2658 Purpureo
775 2588 868 2638 velare
891 2602 989 2638 comas
1012 2582 1136 2653 adeptu*

128 2659 241 2709 amictu.
275 2658 347 2708 ltem
366 2657 466 2723 (120.):
488 2656 579 2708 Veluti
596 2659 666 2710 lino.
700 2657 776 2723 Ergo
792 2674 882 2724 pura,
898 2655 986 2708 lintea
1001 2655 1044 2709 vel
1058 2652 1136 2724 pusp¹

126 2745 175 2780 rea
192 2726 264 2778 bene
281 2733 372 2796 potest
386 2724 523 2790 intelligi]
540 2752 574 2763 -
610 2732 669 2784 170.
687 2726 828 2792 Setigeras
845 2726 959 2794 foetum
978 2726 1058 2791 suits
1080 2724 1136 2775 moi

126 2795 333 2848 Ronurnorum:
359 2802 391 2844 ut
410 2795 563 2860 (8,641·):
588 2795 623 2846 Et
646 2812 728 2847 caesa
752 2796 909 2862 iungebant
924 2793 1046 2863 foedera
1067 2800 1136 2863 port*

126 2864 269 2933 [Nonnulli
291 2871 388 2916 niuem
410 2880 543 2931 porcum,
572 2881 630 2917 non
653 2880 768 2932 porcam
792 2865 822 2915 iu
851 2862 1009 2917 foederibus
1032 2862 1136 2916 adrem

127 2934 216 2986 solere
239 2933 372 2996 mactari,
402 2933 452 2984 sed
475 2938 587 3003 po'e'tam
611 2933 766 3004 periphrasi
796 2948 877 2984 usum
902 2940 1020 3003 propter
1042 2924 1136 2985 nomin

127 3000 327 3054 humilitatem:
351 3002 496 3052 intonsam
521 3019 585 3055 vero
602 3003 741 3054 bidentem
765 3001 871 3055 dixisse.
911 3001 1005 3071 Quam
1020 2998 1136 3054 Pontifio

129 3072 295 3121 nltilnneam
312 3069 428 3135 vocant]
462 3072 536 3122 Nam
553 3073 691 3123 Homerus
714 3070 788 3121 aliud
812 3086 900 3140 genus
922 3070 1052 3123 sacrificii
1067 3072 1136 3140 [con

128 3140 294 3193 memoravit
314 3139 420 3205 [dicens
445 3141 491 3206 (ll.
509 3159 539 3209 γ,
556 3140 652 3204 745.):
681 3136 805 3209 Κήρυκες
828 3159 854 3194 n.
878 3157 904 3201 r,
927 3136 980 3207 hl.
1012 3138 1086 3194 Ssns
1106 3154 1136 3193 m

127 3216 238 3276 praeter
260 3209 400 3259 rationem
425 3211 554 3278 estquod
576 3210 632 3275 ait,
652 3209 768 3260 Fretum
785 3213 858 3262 ruis.
891 3211 978 3263 Items
1003 3209 1136 3263 turoam

128 3295 180 3397 ppo
196 3278 342 3328 bidentem.
376 3277 396 3327 l.
409 3296 433 3329 e.
451 3278 564 3331 brevem
582 3279 680 3330 adhuc.
714 3280 787 3330 Nam
803 3281 833 3331 in
850 3278 934 3331 rebus
949 3293 1022 3347 quus
1036 3279 1136 3333 volebat

158 3346 203 3398 ‚iri
219 3346 348 3398 celerius:
371 3346 502 3398 senilibus
519 3355 547 3400 et
562 3348 622 3402 iam
638 3349 862 3401 decrescentibus
879 3346 1046 3400 animalibus
1063 3350 1136 3401 sacri

128 3415 242 3466 cabant:
265 3414 295 3465 in
319 3412 402 3465 rebus
427 3431 490 3466 vero
514 3433 581 3484 qrras
606 3419 703 3486 augeri
727 3426 754 3470 et
778 3415 939 3470 confirmari
961 3416 1108 3485 volebant,
1129 3431 1136 3468 s

129 3483 283 3535 minoribus
297 3490 326 3534 et
337 3482 427 3532 adbuc
440 3488 625 3538 crescentibus
640 3486 831 3539 immolabant.
865 3485 948 3569 [Sane
961 3501 1044 3540 ovem
1056 3489 1136 3541 Grae

128 3568 207 3604 more
225 3551 332 3604 foederi
349 3551 482 3605 adhibuit.
498 3579 530 3590 -
568 3563 627 3613 171.
645 3559 745 3607 Attulit
759 3559 938 3623 admovitque
954 3572 1057 3623 pecus5
1075 3557 1136 3627 prin

129 3623 232 3686 attulit,
248 3621 313 3673 inde
328 3622 452 3671 admovit
469 3639 562 3688 pecus,
579 3625 596 3674 i.
608 3644 630 3676 e.
644 3626 771 3678 hostiam.
781 3654 815 3664 -
851 3633 911 3683 172.
929 3625 980 3676 Illi
994 3630 1033 3679 ad
1046 3644 1136 3695 surget

129 3703 199 3754 tem,·
223 3705 279 3741 non
302 3690 397 3756 utique
421 3706 496 3741 nuno
513 3692 600 3744 solem
618 3704 777 3758 surgentem
796 3695 877 3759 dixit,
900 3693 1067 3748 iamdudum
1089 3696 1136 3749 etti

128 3758 186 3811 dies
202 3766 272 3824 erat,
286 3760 333 3810 sed
351 3759 523 3828 disciplinam
541 3761 757 3815 cerimoniarum
774 3772 882 3817 secutus
899 3772 952 3830 est,
968 3773 1001 3816 ut
1018 3766 1136 3819 Oriente¹

126 3834 251 3898 spectare
268 3827 374 3880 diceret
388 3844 455 3880 eum
474 3830 522 3896 qui
538 3839 608 3883 esset
624 3833 804 3899 precaturus]
818 3858 852 3869 -
886 3840 947 3891 173.
965 3834 1048 3887 Dant
1082 3854 1135 3904 rug

129 3898 261 3976 manibps
279 3898 387 3957 salsam
411 3899 454 3949 lar
472 3906 499 3949 ct
515 3899 567 3950 sal:
584 3901 683 3968 quibus
700 3903 782 3952 rebus
800 3909 829 3953 et
844 3901 926 3953 cultri
942 3836 1136 3973 aspergebant!

121 3974 155 4019 et
171 3966 308 4017 victimae.
342 3967 429 4017 Erant
452 3976 546 4020 autem
569 3968 637 4021 istae
655 3971 832 4038 probationes
854 3979 952 4040 aptum
975 3980 1070 4026 utrum
1095 3988 1136 4027 ess

126 4032 230 4087 animal
251 4033 392 4088 sacrificio.
427 4035 580 4108 Obliquum
602 4039 690 4092 etiam
712 4040 833 4092 cultrrun
857 4056 875 4093 a
898 4041 990 4094 fronte
1014 4057 1136 4111 tuqust
