2424 4506
112 248 215 343 'na
279 280 282 289 ¹
407 225 549 339 servu
572 272 930 339 couuusruurus

148 466 236 510 vestro
253 467 348 512 estote.
366 484 400 499 -
434 464 470 518 47
496 461 613 524 Stabili;
629 462 675 513 bic
692 462 861 521 immutabili
878 470 907 514 et
922 476 1034 529 semper
1050 458 1173 513 manenti.
1203 486 1208 517 χ

148 528 281 580 Fatorum
301 534 416 580 nurnine
425 552 434 592 ,·
453 530 520 598 futu
539 532 611 582 dicta
634 549 650 583 a
669 530 778 597 fondo.-
802 532 881 599 quis,
904 538 976 599 q'uae
992 530 1175 581 Parcsedirs-
1198 576 1205 611 Ι

148 605 227 661 runt,
244 599 313 652 haec
330 598 515 650 credebantur
532 601 641 651 evenire
658 600 829 651 mortalibus.
862 600 984 651 Numine
1001 607 1111 663 autem,
1124 597 1140 649 i.
1151 614 1170 647 e.
1195 614 1208 655 a„

137 674 296 735 ¹potestate,
313 667 496 732 divinatione,¹
510 686 542 719 ac
560 670 712 720 maiestate.
749 668 868 731 Parcae5
894 684 967 735 qliae
986 674 1016 719 et
1031 668 1120 719 iuriae
1134 665 1167 715 in-

146 736 280 795 i'eruales3
309 737 398 787 dictae
430 737 533 789 Parcae
564 732 623 788 κατ’
645 733 819 807 ἄντίφραων,
851 736 915 804 quia
944 736 1014 787 nulli
1044 728 1208 809 parcunth

149 804 305 854 Concordes
330 806 427 855 stabili
445 806 577 874 futorum
602 810 718 856 nurnine
743 806 863 871 Parcae;
887 820 954 875 uam
978 812 1008 856 et
1029 804 1102 873 quod
1123 814 1167 852 unt
1186 830 1208 861 .-,

147 873 258 937 dixerit,
283 873 352 924 duae
377 882 542 941 sequuntur:
567 883 595 925 et
618 876 668 925 lisa
693 882 756 926 sunt
773 882 873 926 statuta
890 874 1030 939 fatorum,
1052 870 1166 923 Horatius
1192 888 1208 929 ·.,

147 942 251 1005 (Carsu.
267 942 352 993 Secul.
361 942 431 1005 26.):
447 943 530 1009 Quod
545 946 630 996 semel
643 944 748 994 dictum
764 955 812 1008 est,
829 944 999 1009 stabilisque
1013 959 1103 993 rerum
1111 938 1165 989 Tn-
1196 980 1208 997 .,

148 1013 410 1061 minuiscunt-
452 1016 496 1071 49.
515 1014 593 1064 lovis
612 1017 812 1064 incrementum
819 1035 830 1076 ,·
854 1013 1073 1073 nutrimentum,
1094 1018 1120 1061 et
1132 1012 1165 1059 etl
1187 1034 1207 1063 ·.

146 1080 265 1147 vulgare,
282 1081 355 1147 quod
372 1080 497 1133 bucolico
515 1083 643 1150 congruit
659 1081 785 1133 carmini.
797 1106 831 1119 ·-
866 1087 908 1138 50.
925 1079 1079 1131 Nutantem
1097 1092 1164 1127 mun-

149 1149 232 1209 dum3
256 1156 350 1212 nutat,
373 1151 563 1218 praesentibus
587 1151 666 1202 malis
692 1151 779 1218 [sicin
801 1157 863 1220 post
884 1148 983 1200 laetari
1006 1149 1085 1199 illum
1100 1140 1165 1223 dicit}

145 1217 232 1269 laetus
257 1224 311 1281 est,
334 1216 414 1267 bonis
440 1220 539 1270 futuris
562 1222 610 1288 [et
632 1219 704 1271 bene
728 1221 806 1286 quasi
827 1224 1020 1269 renascentem
1042 1214 1163 1291 describit·

109 1288 112 1293 '
147 1284 216 1338 Sane
240 1287 331 1337 lovem
355 1286 456 1336 merito
480 1304 631 1367 puerorum
656 1287 751 1339 dieunt
774 1287 947 1339 incrementa
971 1300 1093 1349 curare,
1103 1296 1163 1401 ssus*

146 1372 210 1404 cum
228 1355 307 1424 pueri
323 1363 419 1422 togam
436 1355 544 1407 virilem
560 1356 742 1425 sumpserint,
759 1356 794 1406 ad
812 1355 980 1422 Capitolium
998 1361 1072 1407 eunt.
1126 1364 1163 1401 am

147 1432 175 1476 et
191 1426 220 1474 in
241 1424 304 1474 Vlll.
323 1425 405 1489 (615.)
430 1427 558 1478 Ascanius
581 1426 609 1476 iu
628 1427 789 1475 Numanum
813 1425 959 1476 intendens
976 1424 1115 1491 sagittam,
1128 1418 1163 1469 lo-

146 1508 209 1545 vem
239 1492 328 1560 magis
355 1492 503 1546 invocavit:
533 1494 658 1560 Iuppiter
688 1496 864 1560 omnipotens
894 1494 1054 1542 audacibus
1083 1502 1165 1540 annue

147 1562 271 1630 coeptis]
308 1560 451 1623 Conoerc3
470 1579 566 1626 curvo,
583 1564 724 1614 instituto.
741 1590 775 1599 ··-
810 1569 853 1619 51.
870 1562 1018 1628 [Trarion
1040 1578 1056 1611 a
1073 1554 1191 1633 magni*

146 1633 242 1682 tudine
261 1629 364 1685 dictum
383 1630 517 1698 accipitur
541 1641 569 1684 et
586 1632 658 1683 bene
681 1648 731 1700 per
756 1631 938 1684 haecomnia
960 1629 1096 1680 mundum
1109 1626 1163 1702 din·

145 1698 199 1764 sit]
218 1724 250 1737 -
286 1705 328 1755 53.
353 1699 379 1750 0
399 1702 471 1751 milti
494 1713 551 1749 tom
571 1702 652 1767 longe
677 1712 790 1749 manent
806 1717 874 1766 pars
893 1701 994 1749 ultimo
1012 1701 1100 1757 vitae;
1121 1700 1164 1741 lm·

146 1785 212 1819 narn
236 1769 337 1835 possim
361 1769 417 1818 frui
442 1772 496 1819 vita
526 1770 700 1837 longissima:
727 1777 754 1818 ct
783 1769 887 1820 habere
911 1776 1020 1819 tantum
1044 1766 1163 1837 spiritum,

146 1846 263 1904 qiiautus
287 1837 372 1903 possit
394 1838 518 1889 sufficere
542 1840 574 1889 ad
601 1847 664 1889 tuae
686 1837 792 1888 virtutis
814 1837 1114 1887 coumremorationem.
1133 1846 1183 1871 -“

146 1912 189 1965 55.
207 1905 272 1956 o'on
293 1923 333 1953 me
353 1909 531 1957 carminibus
550 1910 655 1971 vincet,
680 1923 728 1955 nec
747 1906 888 1957 Thracius
908 1905 1053 1971 Orpheum
1075 1916 1163 1972 geum

71 1968 78 1977 ’
145 1975 201 2024 stili
218 1973 297 2042 se[se]
316 1973 445 2040 Orpheo,
469 1976 511 2026 vel
528 1976 597 2026 Lino
615 1976 763 2028 meliorem
780 1977 841 2027 fore
859 1981 1070 2045 commemorat
1102 1972 1161 2021 llam

146 2059 202 2094 non
227 2043 279 2095 sibi
304 2051 431 2108 arrogat:
456 2045 503 2095 sed
527 2045 580 2095 hoc
598 2047 677 2095 dicit:
702 2045 792 2101 Tanta
809 2052 850 2095 est
866 2047 986 2095 materia
1002 2052 1066 2095 tuae
1083 2038 1162 2099 laiculis

113 2166 116 2171 ¹
146 2119 177 2160 ut
194 2112 278 2163 etiam
301 2111 406 2162 humile
430 2108 574 2179 ingenium
598 2115 627 2164 iu
652 2129 684 2164 ea
703 2112 756 2180 [re]
779 2128 860 2182 supra
880 2128 976 2164 omnes
993 2112 1076 2181 possit
1091 2104 1178 2161 excel-¹

143 2177 210 2230 lere.
231 2206 263 2217 -
300 2186 341 2238 56.
360 2179 450 2244 Lino‚·
476 2181 561 2230 Linus
579 2199 644 2232 vero
662 2198 725 2231 cum
741 2196 844 2232 nornen
860 2182 979 2232 bominis
996 2181 1118 2242 dicimus,
1132 2174 1186 2223 ln·-

144 2249 234 2300 brevis
253 2255 300 2301 est.
334 2248 434 2299 Statius
451 2250 547 2314 (Theb.
561 2258 586 2313 6ἰ
604 2252 670 2309 filil:
688 2249 782 2300 Medio
796 2246 890 2299 Linus
908 2255 1073 2300 intertextus
1090 2260 1162 2297 acun-

144 2316 200 2369 tbo.
234 2319 306 2368 Cum
329 2317 444 2384 [alitem]
466 2320 555 2369 linum
574 2321 702 2380 dicimus,
726 2320 803 2369 iilum
820 2320 1017 2387 significantes,
1040 2317 1164 2381 Ltlnnga

145 2394 199 2449 est,
222 2403 285 2437 cum
305 2387 471 2455 producatur
488 2391 561 2454 apsid
580 2389 708 2439 Graecos,
743 2388 839 2455 [Linus
856 2388 987 2458 Apollinis
1004 2396 1031 2438 et
1047 2384 1163 2437 Psamatis

143 2455 229 2520 lilius,
247 2455 295 2522 qui
312 2456 480 2522 theologiam
498 2458 600 2508 scribit.
637 2459 734 2515 Adsit3
757 2473 808 2522 pro
826 2458 922 2509 faveat.
940 2483 975 2494 —-
1011 2464 1052 2513 57.
1070 2455 1162 2506 Collis-

144 2543 212 2591 pen‚·
238 2524 346 2574 Graeca
370 2525 596 2590 declinatio]-
639 2535 681 2583 55.
702 2525 759 2574 Pun
784 2527 883 2585 etiarn3
907 2526 982 2576 redit
1004 2525 1038 2576 ad
1062 2525 1164 2576 numius

143 2595 258 2644 rustica:
276 2610 341 2643 nam
359 2595 422 2644 satis
440 2603 592 2647 excesserat
609 2595 726 2646 diceudo
743 2593 847 2644 Linum
865 2599 984 2663 poetam,
1002 2591 1052 2660 [et]
1065 2592 1164 2662 Orphea

142 2662 310 2728 theologum.
325 2688 357 2698 ·-
395 2670 436 2719 59.
453 2663 575 2712 Arcadio
596 2666 705 2725 iudicc,·
724 2679 793 2730 quae
811 2666 837 2713 ei
850 2666 940 2726 iavet,
956 2663 1005 2713 ubi
1022 2662 1123 2713 colitur.
1136 2684 1164 2699 ·-

143 2738 187 2787 su).
204 2732 278 2780 Risu
298 2748 462 2797 cognoscere
482 2747 611 2797 ninum,-
637 2731 733 2782 alludit
750 2732 844 2796 adid,
867 2733 940 2799 quod
956 2732 1127 2782 factumest:
1142 2736 1171 2787 et,

143 2816 205 2851 rem
230 2801 384 2852 naturalem
408 2802 455 2852 ait.
491 2801 565 2852 Sicut
589 2801 665 2852 enim
689 2801 808 2869 maiores
825 2799 914 2867 [natu]
932 2817 960 2852 se
984 2816 1112 2852 sermone
1126 2815 1165 2849 co-

143 2877 291 2935 gnoscunt:
309 2871 346 2920 ita
362 2870 480 2922 infantes
494 2871 645 2938 [parentes]
657 2870 715 2920 risu
729 2887 758 2919 se
773 2869 896 2923 indicant
908 2886 1067 2938 agnoscere.
1100 2870 1165 2935 Ergo

142 2939 196 2990 hoc
216 2937 295 2988 dicit:
313 2939 407 3005 Incipe
425 2940 587 3008 parentibus
604 2941 744 2990 arridere:
763 2945 790 2988 et
807 2939 844 2987 eis
861 2955 909 3006 spe
930 2939 1029 2989 oririnis
1048 2938 1112 2989 boui
1127 2938 1167 2989 tle·

141 3007 253 3071 trahere
271 3007 486 3058 solicitudinem:
505 3017 535 3057 ut
553 3016 580 3059 et
596 3009 646 3077 ipsi
662 3008 712 3059 tibi
729 3007 878 3058 arrideant.
891 3036 923 3044 —
958 3014 1001 3065 61.
1020 3007 1167 3069 Tulernnt3

144 3077 190 3126 olii
209 3077 378 3125 abstulerint
394 3076 501 3144 legunt.
522 3086 552 3126 ut
569 3078 615 3127 sit:
634 3078 660 3125 Si
679 3076 787 3135 riseris,
804 3076 967 3127 abstulerint
984 3078 1082 3127 decem
1098 3093 1167 3127 meu·
1191 3098 1195 3109 ·

141 3162 183 3197 ses
200 3145 283 3195 matri
301 3153 365 3194 tune
381 3147 464 3212 longa
481 3145 597 3197 fastidia.
632 3145 718 3194 Matri
742 3146 818 3195 euim
837 3146 931 3196 decem.
956 3162 1065 3199 menses
1081 3145 1170 3197 atttsle·

141 3221 209 3266 runt
230 3214 314 3279 louge
341 3215 458 3265 fastidia.
522 3214 609 3281 [Quia
639 3222 824 3284 praegnantes
854 3215 941 3264 solent
971 3215 1082 3266 i'astidia
1109 3213 1172 3285 pati.

139 3283 243 3333 Decem
262 3300 384 3343 menses;
408 3285 473 3350 quia
490 3299 580 3333 niares
604 3284 632 3333 in
651 3283 759 3333 decimo
784 3292 933 3334 naseuntur
958 3299 1070 3347 meirse,
1095 3283 1170 3337 femi-

138 3370 193 3403 nae
212 3350 322 3402 veroin
340 3351 434 3416 none]
452 3380 486 3389 ··-
520 3358 563 3409 62.
583 3352 638 3402 Cui
664 3370 720 3402 non
747 3354 833 3403 risere
856 3364 998 3419 parentes,
1022 3351 1082 3404 Nec
1107 3353 1171 3403 deus
1198 3346 1204 3375 ⁸

140 3420 216 3471 hunc
235 3438 345 3481 mensu,
364 3422 414 3469 deu
434 3438 483 3470 nec
501 3423 619 3487 dignata
639 3422 730 3470 cubili
747 3433 803 3484 est;
822 3421 891 3470 sicut
908 3422 1028 3472 Vulcano
1041 3422 1171 3489 ,contigitt

139 3490 188 3558 qui
211 3506 275 3540 cum
300 3488 432 3540 deformis
457 3498 540 3552 esset,
562 3498 589 3541 et
605 3493 674 3540 Iuno
700 3491 725 3540 ei
752 3491 868 3540 minime
887 3490 1036 3553 arrisisset,
1061 3492 1097 3543 ab
1113 3492 1172 3543 love

140 3567 181 3610 est
204 3558 297 3628 praeci
319 3559 399 3608 itatus
424 3559 452 3609 in
477 3559 595 3608 insulam
620 3559 767 3609 Lemnum.
800 3560 857 3609 Illic
881 3560 1001 3610 nutritus
1024 3560 1061 3611 ab
1079 3560 1174 3625 Sintiis,

140 3645 206 3678 cum
223 3628 280 3678 lovi
297 3576 414 3679 lumina
431 3625 601 3690 fabricasset,
619 3644 675 3677 non
693 3635 733 3678 est
749 3628 881 3679 admissus
895 3628 929 3677 ad
944 3629 1039 3697 epulas
1053 3628 1174 3681 deorum.

139 3698 237 3748 Postea
253 3713 318 3747 cum
336 3704 448 3764 rogaret
472 3704 502 3747 ut
520 3697 561 3746 vel
577 3697 719 3748 Minervae
738 3697 900 3763 coniugium
916 3697 1080 3763 sortiretur,
1102 3716 1175 3766 spre-

139 3774 183 3816 tus
201 3767 235 3817 ab
254 3783 286 3817 ea
304 3772 353 3817 est.
389 3767 466 3817 Unde
484 3764 587 3815 divinos
611 3766 732 3818 honores
756 3782 811 3818 non
830 3767 946 3829 meruit,
970 3766 1005 3817 ud
1023 3782 1093 3835 quos
1109 3765 1179 3837 [aut]

139 3852 190 3903 per
207 3835 363 3886 convivium
380 3836 536 3894 numinum,
553 3843 601 3888 aut
617 3852 668 3901 per
686 3834 909 3888 coniunctionem
927 3836 1035 3886 venitur
1054 3837 1177 3889 dearum.

139 3904 210 3956 Hinc
235 3911 285 3971 est,
307 3904 381 3973 quod
404 3904 502 3954 lunoni
525 3905 583 3972 agit
605 3904 636 3956 in
657 3905 752 3975 primo
767 3906 865 3957 Aeolus
889 3906 1008 3974 gratias,
1030 3905 1106 3975 quod
1130 3924 1178 3979 per

168 4070 205 4122 ⁴7)
233 4074 256 4113 ln
270 4085 330 4114 versu
344 4076 415 4115 Horat.
431 4083 460 4115 ut
475 4074 538 4115 onita
553 4078 621 4127 steph.
636 4079 691 4117 Dan,
