2424 4506
286 277 323 320 m
345 256 507 324 vniam
529 237 688 324 sucos!
708 260 746 337 1,
769 266 875 334 1—4·
1051 273 1097 347 sr
1148 210 1150 217 Ι

58 438 268 511 longicornmz
287 443 451 512 ‘Audcrque
468 445 599 512 iuventa,
625 445 737 513 Tityre,
753 458 779 498 te
796 449 911 515 patulae
928 444 1021 503 ¹cecini
1037 453 1091 505 sub

58 516 168 579 tegmine
179 510 261 580 sagi.
294 511 332 564 Et
348 512 417 564 dicit
428 513 562 580 Donatus,
579 514 756 583 quodetiam
772 516 803 569 in
814 521 914 585 poetae
926 522 1093 574 memoravi-

58 594 105 632 nus
120 581 196 644 vita,
219 582 251 631 in
268 580 422 635 scribendis
445 583 616 634 carminibus
639 585 797 636 naturalem
814 586 942 639 ordinem
965 596 1092 644 secutum

58 664 104 703 sote
116 650 278 719 Virgilium.
311 650 407 702 Primo
424 651 501 703 cuim
518 652 662 720 pastoralis
678 652 732 704 fuit
746 654 776 704 in
794 655 935 706 montibus
949 657 1010 722 vita,
1027 668 1090 725 post

58 717 237 786 agriculturae
264 733 361 785 amor,
390 719 457 772 inde
488 720 626 774 bellorum
654 737 722 772 cura
745 724 881 775 successit
928 725 1089 781 Notandum

58 801 171 855 quoque,
195 786 328 853 Bucolica
345 787 389 840 rel
405 788 544 857 Georgica
562 805 628 840 cum
645 790 719 860 apud
736 789 859 843 Graecos
881 791 912 843 in
929 792 984 847 fine
1000 795 1089 850 habe-

58 863 285 920 ant-accentum,
308 857 383 926 apud
406 873 457 908 nos
480 859 511 909 in
534 857 618 911 tertia
642 863 659 909 el
681 857 738 910 fine
760 859 873 912 habere.
909 861 982 912 Nam
1006 871 1038 915 ut
1053 864 1085 919 in

58 922 141 977 ultima
156 924 208 991 sit,
223 923 345 995 latinitas
362 933 450 978 vetat:
467 934 498 976 ut
514 927 544 978 in
561 925 715 996 penultima
732 944 789 979 non
806 928 855 993 sit,
873 927 1014 983 brevitatis
1027 932 1086 984 effi-

57 992 88 1045 tit
103 993 185 1046 ratio.
234 993 329 1046 Etiam
359 995 415 1046 hoc
436 994 595 1062 sciendum,
626 1002 655 1048 et
677 1012 809 1065 personas
832 996 914 1049 huius
938 1001 1029 1068 operis
1053 1019 1086 1063 er

57 1061 144 1115 arion
160 1067 243 1132 parte
259 1063 376 1114 nomina
393 1062 529 1115 derebus
546 1063 655 1116 rusticis
672 1065 778 1117 habere
795 1065 928 1133 conficta,
952 1077 983 1119 ut
998 1064 1085 1121 Meli·

58 1128 143 1193 ierus.-
169 1122 213 1183 irs
228 1127 306 1199 ulier
323 1126 398 1199 αὐτῷ’
413 1127 468 1185 τῶν
484 1129 574 1201 βοῶν,
598 1131 616 1184 i.
635 1151 658 1185 e.
682 1134 748 1201 quia
769 1150 868 1187 curam
885 1135 959 1203 gerit
981 1137 1085 1192 boum:

57 1200 218 1268 {Tityrus
251 1201 327 1257 Nam
349 1200 495 1253 Laconum
516 1202 614 1270 lingua
637 1200 749 1270 Tityrus
772 1202 873 1255 dicitur
896 1205 969 1258 aries
991 1209 1084 1262 maior

86 1268 223 1338 ‘gregem
240 1264 349 1322 anteir'e
364 1269 518 1323 consuevit:
534 1271 607 1321 sicut
622 1270 707 1322 etiam
724 1271 754 1322 in
770 1271 921 1324 comoediis
937 1274 1084 1330 invenitur.
1120 1321 1123 1325 .

75 1354 115 1391 tus
131 1337 298 1404 Pamphilus
314 1346 360 1391 est
375 1346 466 1390 totum
482 1354 594 1391 amans:
622 1338 801 1406 Glycerium,
823 1343 902 1409 quasi
919 1343 1004 1395 dulcis
1021 1362 1083 1397 mu·
1102 1354 1106 1361 '

57 1402 102 1459 liar.
134 1406 322 1473 Philumene,
338 1407 474 1461 amabilis.
508 1407 658 1468 Personae,
683 1408 754 1459 sicut
770 1425 853 1479 supra
870 1408 941 1476 dixi,
963 1414 1082 1467 rusticae

57 1483 117 1541 nat,
144 1483 175 1528 et
202 1475 382 1546 simplicitate
412 1473 572 1545 gaudentes.
620 1476 699 1528 Unde
722 1477 793 1529 nibil
815 1477 844 1529 in
865 1478 909 1529 bis
932 1481 1083 1549 urbanum,

57 1544 110 1596 all
130 1545 365 1598 declamatorium
385 1543 539 1598 invenitur:
564 1543 612 1596 sed
636 1561 669 1595 ex
691 1561 723 1596 re
745 1546 849 1599 rustica
871 1555 934 1599 sunt
956 1551 1082 1618 nomina,

57 1614 168 1682 ngotia,
190 1629 255 1664 com
277 1614 431 1679 arationes,
461 1619 490 1666 et
513 1613 535 1664 si
560 1629 615 1681 qua
638 1620 702 1664 sunt
725 1614 788 1666 alia.
828 1613 900 1666 Hinc
926 1625 981 1683 est,
1005 1621 1080 1686 quod

57 1694 125 1734 noos
140 1700 159 1735 a
174 1631 313 1735 fructibus
335 1690 493 1752 computat,
515 1689 560 1732 ut:
585 1680 650 1732 Post
667 1683 777 1749 aliquot
795 1699 855 1735 mea
875 1700 961 1750 regua
980 1690 1079 1740 videns

57 1752 164 1804 nuabor
188 1754 306 1802 aristas.
355 1752 427 1802 Hinc
451 1751 538 1803 etiam
560 1750 625 1802 illae
648 1751 871 1818 comparationes
893 1761 971 1805 sunt:
1002 1755 1079 1807 Nam

57 1832 126 1887 teque
142 1838 185 1872 me
203 1833 315 1871 tantum
333 1821 472 1872 venientis
489 1819 596 1871 sibilus
615 1821 723 1884 austri,
749 1817 808 1871 Nec
825 1837 959 1886 percussa
977 1826 1083 1878 iuvaret
1114 1820 1116 1825 ¹

56 1886 128 1957 lustu
150 1903 211 1942 tam
233 1891 340 1957 litora,
363 1904 414 1941 mc
436 1892 510 1957 qliae
525 1887 652 1940 Sorores
677 1891 752 1939 inter
774 1889 930 1961 decurrunt
945 1891 1078 1960 flumina

57 1958 134 2013 ulier.
1032 1979 1036 1991 ¹

104 2097 255 2150 ECLOGA
270 2097 291 2149 l.
327 2103 353 2154 1.
371 2096 469 2165 Tityre
485 2107 517 2147 tu
534 2095 650 2162 petulas
668 2101 737 2156 etc.;
754 2092 895 2146 inducitur
912 2104 1005 2166 pastor
1017 2101 1078 2168 qui·
1109 2136 1111 2140 -

56 2160 103 2217 bn
123 2167 217 2220 iacens
240 2166 292 2217 sub
306 2165 419 2218 'arbore
436 2179 547 2217 securus
572 2171 600 2215 ct
623 2162 725 2214 otiosus
743 2161 811 2215 dare
829 2179 945 2234 operam
964 2170 1077 2222 cantile-

56 2246 105 2287 tte:
126 2237 197 2303 alter
222 2251 288 2287 aero
309 2235 361 2304 qui
384 2250 450 2286 cum
472 2232 604 2301 gregibus
621 2248 654 2284 ex
677 2233 732 2281 suis
754 2232 867 2299 pellitur
890 2233 1003 2287 linibus:
1028 2239 1076 2306 qui

56 2314 102 2363 m
116 2305 247 2372 Tityrum
264 2304 424 2375 respexisset
440 2300 661 2365 iacentem,'ita
678 2299 790 2350 ‘locutus
807 2308 854 2352 est.
889 2301 926 2353 Et
942 2303 997 2356 boc
1013 2305 1074 2360 loco
1104 2347 1106 2351 -

56 2370 90 2423 nb
109 2389 232 2442 persona
255 2373 345 2443 Tityri
360 2371 514 2439 ‚Virgilium
536 2370 671 2422 debemus
693 2368 865 2437 intelligere3
893 2386 951 2423 non
978 2381 1075 2430 tamen

56 2436 151 2511 tbirae,
171 2442 222 2494 sed
244 2449 357 2493 tanum
378 2435 429 2492 ubi
452 2439 536 2508 erigit
557 2438 630 2490 ratio
637 2455 645 2502 ;
669 2436 731 2503 [sub
747 2437 883 2490 Meliboei
898 2440 977 2508 plebs
992 2442 1091 2497 Man„

56 2512 130 2579 fisus,
151 2512 197 2564 vel
214 2510 360 2562 Cornelius
377 2507 491 2573 Gallus]
525 2506 606 2575 Quod
628 2518 724 2559 autem
746 2522 813 2558 eum
837 2508 982 2579 sub-fago
1007 2514 1075 2564 dicit

56 2576 139 2648 bene,
161 2578 298 2648 allegoria
321 2586 363 2630 est
384 2576 589 2630 honestissima:
612 2575 691 2644 quasi
715 2575 766 2626 sub
789 2576 891 2627 arbore
908 2578 1074 2647 glandifera,
1150 2624 1153 2631 .

125 2650 214 2702 victus
238 2663 325 2699 musa
344 2647 426 2714 [luit].
465 2649 550 2698 Antea
572 2645 648 2697 enim
672 2642 801 2695 homines
817 2645 963 2711 glandibus
980 2665 1071 2701 vesce-

63 2769 67 2779 ,
90 2726 140 2770 tur.
175 2717 258 2769 Unde
285 2716 372 2769 etiam
393 2718 473 2784 fagus
497 2715 571 2766 dicta
594 2721 636 2766 est
658 2707 713 2764 citri
737 2708 789 2765 acii
814 2716 926 2781 φαγεῖν)
951 2718 988 2784 [i.
1006 2737 1029 2769 e.
1053 2738 1072 2772 a

55 2784 247 2850 adnotando]
281 2785 317 2837 Et
333 2786 510 2849 hocyidetur
534 2783 641 2835 dicere:
665 2783 740 2832 Iaces
763 2781 813 2832 sub
838 2783 938 2835 umbra
959 2786 1018 2854 fagi
1041 2787 1072 2841 in

87 2857 92 2868 '
120 2858 184 2921 tuis,
198 2848 265 2905 'tuas
275 2861 418 2908 retentans
438 2852 630 2922 possessiones,
646 2850 747 2918 quibus
763 2849 861 2902 aleris:
878 2852 948 2903 sicut
962 2857 1070 2922 (etiam)

96 2925 174 2977 dibus
193 2923 361 2991 (alebantur)
379 2931 442 2974 airte
459 2921 597 2975 mortales.
632 2919 734 2984 Alite,
758 2934 775 2968 o
793 2919 906 2987 Virgili,
931 2924 983 2975 sub
1004 2939 1071 2991 pro-

55 2994 148 3046 batione
164 2991 283 3060 Augusti
292 3007 412 3044 securus
429 2991 554 3060 quiescis.
578 2988 709 3052 Patulce3
727 2989 857 3055 patulum
876 2990 977 3051 dicitur
995 2993 1070 3061 quod

55 3070 103 3127 latet
117 3062 294 3127 naturaliter,
311 3070 342 3117 ut
359 3076 449 3127 nares,
465 3059 565 3122 arbor,
582 3073 661 3117 crum
677 3065 774 3126 patens
791 3073 855 3108 vero
873 3067 930 3126 est,
947 3062 1021 3128 quod
1038 3070 1067 3114 et

55 3131 152 3199 teritur
165 3138 199 3183 et
214 3129 360 3194 clauditur,
376 3136 407 3179 ut
424 3129 536 3191 ostium,
551 3127 631 3178 oculi.
650 3151 682 3163 -
718 3134 742 3182 2.
762 3125 921 3177 silvestrem
939 3146 1074 3197 murem3.

55 3216 85 3253 ,a
97 3199 235 3252 rusticum
248 3214 371 3251 carmen.
407 3197 501 3247 Tenui
514 3213 619 3258 avena3
637 3194 740 3259 culmo,
754 3195 869 3261 stipula:
886 3196 959 3250 unde
971 3201 1068 3252 rustici
1090 3227 1092 3231 ·

55 3268 216 3336 blerumque)
230 3276 343 3318 cantare
358 3272 566 3319 consueverunt·
598 3263 670 3315 Alibi
685 3263 727 3324 (E.
741 3272 765 3326 3,
779 3263 847 3324 27.):
864 3264 1000 3318 stridenti
1013 3273 1066 3320 mi-

55 3350 120 3388 tram
137 3339 248 3404 stipula
268 3336 424 3402 disperdere
442 3352 565 3386 carmen.
597 3331 722 3383 Dicendo
746 3340 841 3383 autem
865 3337 944 3386 tenui
967 3354 1068 3405 auena,

55 3407 139 3458 milis
161 3407 220 3456 stili
242 3421 329 3474 genus
360 3402 503 3467 (humilis)
531 3403 650 3454 latenter
673 3401 802 3455 ostendit:
832 3419 887 3470 quo
912 3410 959 3471 (ut
982 3421 1066 3475 supra

54 3471 132 3526 buum
150 3475 258 3536 est)1in
275 3473 407 3524 bucolicis
423 3474 517 3525 utitur.
551 3471 719 3531 Meduana
746 3471 865 3535 loacas,
889 3472 966 3540 quasi
984 3477 1064 3526 meli-

54 3546 115 3608 srir,
131 3545 150 3594 ri
168 3557 220 3612 pro
238 3543 248 3593 l
266 3540 386 3609 positam]
405 3543 478 3610 quod
495 3540 599 3592 Graeci
613 3535 718 3606 misssi
734 3538 842 3603 dicunt,
859 3559 910 3610 per
927 3535 1065 3595 ciurlorm-

54 3624 79 3667 ‚sr
94 3615 213 3664 meditor
229 3611 358 3663 dixerunt
373 3610 478 3663 Latini:
502 3610 559 3660 let
575 3610 593 3657 d
611 3610 686 3660 enim
710 3607 851 3658 interdum
867 3609 920 3660 sibi
942 3611 1064 3665 invicem

54 3681 141 3744 edunt3
165 3680 237 3732 unde
252 3689 292 3732 ·et
313 3680 383 3730 sella
407 3695 460 3746 pro
485 3679 551 3729 seda
575 3678 675 3728 dicitur
698 3694 715 3726 a
732 3677 861 3726 sedendo.
878 3705 913 3715 -
947 3689 973 3736 3.
990 3681 1064 3748 [Nos

54 3753 135 3802 miae
147 3751 226 3819 fines
245 3750 420 3814 linquimus,-
444 3764 500 3799 non
518 3746 672 3811 voluntate,
695 3746 742 3796 sed
760 3746 784 3794 vi
803 3746 927 3798 Caesaris
944 3757 973 3800 et
989 3753 1063 3802 mili-

54 3830 89 3870 tot
109 3819 168 3873 eius
192 3818 342 3888 compulsi,
364 3817 435 3868 victo
453 3815 580 3868 Antonin.
623 3815 658 3864 Et
682 3815 778 3863 dulcia
798 3832 885 3877 arva,
910 3817 1059 3873 unicuiuue

54 3889 138 3959 ropria
155 3896 232 3940 terra
251 3887 336 3939 dulcis
352 3885 405 3936 sibi
422 3885 543 3951 videtur,
567 3900 619 3935 nec
638 3885 713 3935 enim
731 3883 820 3932 omnis
845 3899 889 3934 res
905 3885 1061 3938 delectatio·

54 3971 92 4007 lem
107 3956 214 4010 haberis
231 3955 316 4007 dulcis
340 3954 509 4024 appellatur:
536 3951 690 4018 Allegorice
709 3967 774 4001 voce
794 3949 880 4001 utitur
896 3952 1062 4010 Mantuano·

54 4037 105 4092 utu,
127 4024 249 4096 quisuis
265 4022 480 4095 possessionibus
497 4018 722 4089 expellebantur]
741 4044 774 4054 -
814 4022 841 4073 4.
858 4017 920 4070 Nos
937 4028 1060 4087 patriam

77 4144 166 4218 ΙΙ.Ι
589 4260 592 4269 Ι
755 4142 856 4188 '⁷
