<?xml version="1.0" encoding="UTF-8"?>
<!DOCTYPE html PUBLIC "-//W3C//DTD XHTML 1.0 Transitional//EN"
    "http://www.w3.org/TR/xhtml1/DTD/xhtml1-transitional.dtd">
<html xmlns="http://www.w3.org/1999/xhtml" xml:lang="en" lang="en">
 <head>
  <title>
</title>
<meta http-equiv="Content-Type" content="text/html;charset=utf-8" />
  <meta name='ocr-system' content='tesseract 3.04.00' />
  <meta name='ocr-capabilities' content='ocr_page ocr_carea ocr_par ocr_line ocrx_word'/>
</head>
<body>
  <div class='ocr_page' id='page_1' title='image "./commentariiinvi01servgoog_0021.png"; bbox 0 0 2288 4514; ppageno 0'>
   <div class='ocr_carea' id='block_1_1' title="bbox 100 236 933 371">
    <p class='ocr_par' dir='ltr' id='par_1_1' title="bbox 100 236 933 371">
     <span class='ocr_line' id='line_1_1' title="bbox 100 236 933 371; baseline -0.014 -18"><span class='ocrx_word' id='word_1_1' title='bbox 100 286 143 354; x_wconf 87' lang='lat'>12</span> <span class='ocrx_word' id='word_1_2' title='bbox 233 290 243 307; x_wconf 54' lang='lat'>¹·</span> <span class='ocrx_word' id='word_1_3' title='bbox 355 247 496 344; x_wconf 79' lang='lat' dir='ltr'>suani</span> <span class='ocrx_word' id='word_1_4' title='bbox 518 236 869 371; x_wconf 78' lang='lat' dir='ltr'>conuaursaius</span> <span class='ocrx_word' id='word_1_5' title='bbox 931 321 933 324; x_wconf 84' lang='grc'>-</span> 
     </span>
    </p>
   </div>
   <div class='ocr_carea' id='block_1_2' title="bbox 26 462 1133 1637">
    <p class='ocr_par' dir='ltr' id='par_1_2' title="bbox 98 462 1127 536">
     <span class='ocr_line' id='line_1_2' title="bbox 98 462 1127 536; baseline -0.001 -19"><span class='ocrx_word' id='word_1_6' title='bbox 98 471 170 528; x_wconf 80' lang='lat' dir='ltr'>sunt.</span> <span class='ocrx_word' id='word_1_7' title='bbox 204 463 276 516; x_wconf 89' lang='lat' dir='ltr'>Nam</span> <span class='ocrx_word' id='word_1_8' title='bbox 300 462 335 515; x_wconf 87' lang='lat' dir='ltr'>ab</span> <span class='ocrx_word' id='word_1_9' title='bbox 361 463 487 534; x_wconf 82' lang='lat' dir='ltr'>eoquod</span> <span class='ocrx_word' id='word_1_10' title='bbox 511 468 718 533; x_wconf 23' lang='lat' dir='ltr'>est-paciscor,</span> <span class='ocrx_word' id='word_1_11' title='bbox 743 475 770 527; x_wconf 82' lang='lat' dir='ltr'>et</span> <span class='ocrx_word' id='word_1_12' title='bbox 787 468 882 536; x_wconf 78' lang='lat' dir='ltr'><strong><em>pepigi</em></strong></span> <span class='ocrx_word' id='word_1_13' title='bbox 906 472 934 518; x_wconf 86' lang='lat' dir='ltr'>ct</span> <span class='ocrx_word' id='word_1_14' title='bbox 950 478 1050 532; x_wconf 82' lang='lat' dir='ltr'>pactus</span> <span class='ocrx_word' id='word_1_15' title='bbox 1068 483 1127 517; x_wconf 87' lang='lat' dir='ltr'>sum</span> 
     </span>
    </p>

    <p class='ocr_par' dir='ltr' id='par_1_3' title="bbox 26 533 1133 1637">
     <span class='ocr_line' id='line_1_3' title="bbox 48 533 1128 654; baseline 0 -68"><span class='ocrx_word' id='word_1_16' title='bbox 48 540 50 545; x_wconf 83' lang='lat'>&#39;</span> <span class='ocrx_word' id='word_1_17' title='bbox 98 535 178 586; x_wconf 84' lang='lat' dir='ltr'>facit:</span> <span class='ocrx_word' id='word_1_18' title='bbox 201 534 271 585; x_wconf 89' lang='lat' dir='ltr'>sicut</span> <span class='ocrx_word' id='word_1_19' title='bbox 295 533 330 584; x_wconf 86' lang='lat' dir='ltr'>ab</span> <span class='ocrx_word' id='word_1_20' title='bbox 354 547 387 583; x_wconf 89' lang='lat' dir='ltr'>eo</span> <span class='ocrx_word' id='word_1_21' title='bbox 411 533 484 601; x_wconf 87' lang='lat' dir='ltr'>quod</span> <span class='ocrx_word' id='word_1_22' title='bbox 509 542 549 585; x_wconf 89' lang='lat' dir='ltr'>est</span> <span class='ocrx_word' id='word_1_23' title='bbox 571 540 672 603; x_wconf 78' lang='lat' dir='ltr'>petrae,</span> <span class='ocrx_word' id='word_1_24' title='bbox 695 543 724 588; x_wconf 93' lang='lat' dir='ltr'>et</span> <span class='ocrx_word' id='word_1_25' title='bbox 747 539 879 607; x_wconf 21' lang='lat' dir='ltr'>parsiuet</span> <span class='ocrx_word' id='word_1_26' title='bbox 903 537 1000 654; x_wconf 51' lang='lat' dir='ltr'>ppersi</span> <span class='ocrx_word' id='word_1_27' title='bbox 1022 537 1065 598; x_wconf 88' lang='lat' dir='ltr'>et)</span> <span class='ocrx_word' id='word_1_28' title='bbox 1087 553 1128 604; x_wconf 85' lang='lat' dir='ltr'>pe-</span> 
     </span>
     <span class='ocr_line' id='line_1_4' title="bbox 68 599 1130 674; baseline 0.003 -21"><span class='ocrx_word' id='word_1_29' title='bbox 68 646 70 655; x_wconf 72' lang='lat'>,</span> <span class='ocrx_word' id='word_1_30' title='bbox 98 604 176 670; x_wconf 86' lang='lat' dir='ltr'>perci</span> <span class='ocrx_word' id='word_1_31' title='bbox 201 601 295 670; x_wconf 80' lang='lat' dir='ltr'>[facit]</span> <span class='ocrx_word' id='word_1_32' title='bbox 332 599 400 650; x_wconf 89' lang='lat' dir='ltr'>Pace</span> <span class='ocrx_word' id='word_1_33' title='bbox 425 615 582 669; x_wconf 83' lang='lat' dir='ltr'>sequestra,·</span> <span class='ocrx_word' id='word_1_34' title='bbox 608 604 699 657; x_wconf 87' lang='lat' dir='ltr'>media</span> <span class='ocrx_word' id='word_1_35' title='bbox 725 609 762 671; x_wconf 88' lang='lat' dir='ltr'>(et</span> <span class='ocrx_word' id='word_1_36' title='bbox 778 613 906 674; x_wconf 89' lang='lat' dir='ltr'>tempora</span> <span class='ocrx_word' id='word_1_37' title='bbox 917 605 946 667; x_wconf 88' lang='lat' dir='ltr'>i.)</span> <span class='ocrx_word' id='word_1_38' title='bbox 980 602 1130 673; x_wconf 59' lang='lat' dir='ltr'>Namque]</span> 
     </span>
     <span class='ocr_line' id='line_1_5' title="bbox 99 669 1130 741; baseline 0.001 -18"><span class='ocrx_word' id='word_1_39' title='bbox 99 683 237 739; x_wconf 77' lang='lat' dir='ltr'><em>sequester</em></span> <span class='ocrx_word' id='word_1_40' title='bbox 267 678 310 723; x_wconf 88' lang='lat' dir='ltr'>est</span> <span class='ocrx_word' id='word_1_41' title='bbox 334 669 401 737; x_wconf 87' lang='lat' dir='ltr'>[aut]</span> <span class='ocrx_word' id='word_1_42' title='bbox 432 671 538 730; x_wconf 81' lang='lat' dir='ltr'>medius</span> <span class='ocrx_word' id='word_1_43' title='bbox 564 673 637 724; x_wconf 91' lang='lat' dir='ltr'>inter</span> <span class='ocrx_word' id='word_1_44' title='bbox 666 673 733 724; x_wconf 88' lang='lat' dir='ltr'>duos</span> <span class='ocrx_word' id='word_1_45' title='bbox 757 673 936 738; x_wconf 77' lang='lat' dir='ltr'>altercantes,</span> <span class='ocrx_word' id='word_1_46' title='bbox 964 671 1035 741; x_wconf 89' lang='lat' dir='ltr'>[aut]</span> <span class='ocrx_word' id='word_1_47' title='bbox 1052 673 1130 740; x_wconf 36' lang='lat' dir='ltr'>‚apud</span> 
     </span>
     <span class='ocr_line' id='line_1_6' title="bbox 99 739 1131 810; baseline 0.002 -20"><span class='ocrx_word' id='word_1_48' title='bbox 99 757 184 809; x_wconf 88' lang='lat' dir='ltr'>quem</span> <span class='ocrx_word' id='word_1_49' title='bbox 208 739 311 808; x_wconf 79' lang='lat' dir='ltr'>aliquid</span> <span class='ocrx_word' id='word_1_50' title='bbox 335 739 370 790; x_wconf 88' lang='lat' dir='ltr'>ad</span> <span class='ocrx_word' id='word_1_51' title='bbox 393 747 509 807; x_wconf 81' lang='lat' dir='ltr'>tempus</span> <span class='ocrx_word' id='word_1_52' title='bbox 521 744 677 810; x_wconf 87' lang='lat' dir='ltr'>seponitur,</span> <span class='ocrx_word' id='word_1_53' title='bbox 703 742 818 809; x_wconf 85' lang='lat' dir='ltr'>[dictum</span> <span class='ocrx_word' id='word_1_54' title='bbox 836 750 929 792; x_wconf 86' lang='lat' dir='ltr'>autem</span> <span class='ocrx_word' id='word_1_55' title='bbox 948 758 964 790; x_wconf 86' lang='lat' dir='ltr'>a</span> <span class='ocrx_word' id='word_1_56' title='bbox 983 743 1131 808; x_wconf 73' lang='lat' dir='ltr'>sequendo,</span> 
     </span>
     <span class='ocr_line' id='line_1_7' title="bbox 98 807 1130 880; baseline 0.002 -22"><span class='ocrx_word' id='word_1_57' title='bbox 98 811 173 879; x_wconf 80' lang='lat' dir='ltr'>qsrod</span> <span class='ocrx_word' id='word_1_58' title='bbox 199 809 255 861; x_wconf 86' lang='lat' dir='ltr'>eius</span> <span class='ocrx_word' id='word_1_59' title='bbox 273 807 321 877; x_wconf 85' lang='lat' dir='ltr'>qui</span> <span class='ocrx_word' id='word_1_60' title='bbox 345 808 445 860; x_wconf 88' lang='lat' dir='ltr'>electus</span> <span class='ocrx_word' id='word_1_61' title='bbox 463 810 498 860; x_wconf 85' lang='lat' dir='ltr'>sit</span> <span class='ocrx_word' id='word_1_62' title='bbox 521 817 638 878; x_wconf 86' lang='lat' dir='ltr'>utraque</span> <span class='ocrx_word' id='word_1_63' title='bbox 663 828 725 880; x_wconf 89' lang='lat' dir='ltr'>pars</span> <span class='ocrx_word' id='word_1_64' title='bbox 747 810 832 861; x_wconf 81' lang='lat' dir='ltr'>fidem</span> <span class='ocrx_word' id='word_1_65' title='bbox 850 810 997 877; x_wconf 82' lang='lat' dir='ltr'>sequitan]</span> <span class='ocrx_word' id='word_1_66' title='bbox 1034 809 1130 861; x_wconf 83' lang='lat' dir='ltr'><em>Pacem</em></span> 
     </span>
     <span class='ocr_line' id='line_1_8' title="bbox 99 878 1131 949; baseline -0.002 -19"><span class='ocrx_word' id='word_1_67' title='bbox 99 895 168 948; x_wconf 82' lang='lat' dir='ltr'>ergo</span> <span class='ocrx_word' id='word_1_68' title='bbox 193 889 380 945; x_wconf 84' lang='lat' dir='ltr'>sequestram,</span> <span class='ocrx_word' id='word_1_69' title='bbox 403 878 526 930; x_wconf 83' lang='lat' dir='ltr'><strong>inducias</strong></span> <span class='ocrx_word' id='word_1_70' title='bbox 550 880 630 929; x_wconf 85' lang='lat' dir='ltr'>dicit:</span> <span class='ocrx_word' id='word_1_71' title='bbox 659 881 677 932; x_wconf 89' lang='lat' dir='ltr'>i.</span> <span class='ocrx_word' id='word_1_72' title='bbox 701 897 724 931; x_wconf 91' lang='lat' dir='ltr'>e.</span> <span class='ocrx_word' id='word_1_73' title='bbox 750 895 849 947; x_wconf 90' lang='lat' dir='ltr'>pacem</span> <span class='ocrx_word' id='word_1_74' title='bbox 872 878 1074 949; x_wconf 88' lang='lat' dir='ltr'>temporalem,</span> <span class='ocrx_word' id='word_1_75' title='bbox 1105 886 1131 931; x_wconf 89' lang='lat' dir='ltr'>at</span> 
     </span>
     <span class='ocr_line' id='line_1_9' title="bbox 97 946 1132 1014; baseline -0.002 -15"><span class='ocrx_word' id='word_1_76' title='bbox 97 948 221 1000; x_wconf 87' lang='lat' dir='ltr'>mediam</span> <span class='ocrx_word' id='word_1_77' title='bbox 235 946 310 999; x_wconf 89' lang='lat' dir='ltr'>inter</span> <span class='ocrx_word' id='word_1_78' title='bbox 326 946 431 998; x_wconf 87' lang='lat' dir='ltr'>bellum</span> <span class='ocrx_word' id='word_1_79' title='bbox 448 947 629 1013; x_wconf 89' lang='lat' dir='ltr'>praeteritum</span> <span class='ocrx_word' id='word_1_80' title='bbox 647 957 675 1000; x_wconf 91' lang='lat' dir='ltr'>et</span> <span class='ocrx_word' id='word_1_81' title='bbox 691 948 822 999; x_wconf 83' lang='lat' dir='ltr'>futurum.</span> <span class='ocrx_word' id='word_1_82' title='bbox 842 975 877 985; x_wconf 96' lang='lat'>—</span> <span class='ocrx_word' id='word_1_83' title='bbox 912 953 973 1006; x_wconf 79' lang='lat'><strong>134.</strong></span> <span class='ocrx_word' id='word_1_84' title='bbox 990 948 1132 1014; x_wconf 72' lang='lat' dir='ltr'>Missique</span> 
     </span>
     <span class='ocr_line' id='line_1_10' title="bbox 101 1014 1131 1086; baseline -0.001 -19"><span class='ocrx_word' id='word_1_85' title='bbox 101 1021 215 1086; x_wconf 85' lang='lat' dir='ltr'>impune</span> <span class='ocrx_word' id='word_1_86' title='bbox 232 1014 333 1066; x_wconf 86' lang='lat' dir='ltr'>Latini</span> <span class='ocrx_word' id='word_1_87' title='bbox 341 1039 352 1080; x_wconf 55' lang='lat' dir='ltr'>,a</span> <span class='ocrx_word' id='word_1_88' title='bbox 369 1016 442 1085; x_wconf 87' lang='lat' dir='ltr'>apud</span> <span class='ocrx_word' id='word_1_89' title='bbox 459 1017 577 1068; x_wconf 84' lang='lat' dir='ltr'>maiores</span> <span class='ocrx_word' id='word_1_90' title='bbox 594 1017 669 1069; x_wconf 90' lang='lat' dir='ltr'>enim</span> <span class='ocrx_word' id='word_1_91' title='bbox 686 1031 789 1084; x_wconf 81' lang='lat' dir='ltr'>magna</span> <span class='ocrx_word' id='word_1_92' title='bbox 806 1024 867 1069; x_wconf 89' lang='lat' dir='ltr'>erat</span> <span class='ocrx_word' id='word_1_93' title='bbox 882 1033 949 1082; x_wconf 79' lang='lat' dir='ltr'>citra</span> <span class='ocrx_word' id='word_1_94' title='bbox 965 1016 1131 1079; x_wconf 52' lang='lat' dir='ltr'>fidenates</span> 
     </span>
     <span class='ocr_line' id='line_1_11' title="bbox 50 1084 1132 1156; baseline -0.004 -17"><span class='ocrx_word' id='word_1_95' title='bbox 50 1113 53 1117; x_wconf 92' lang='lat'>·</span> <span class='ocrx_word' id='word_1_96' title='bbox 100 1095 132 1140; x_wconf 92' lang='lat' dir='ltr'>ut</span> <span class='ocrx_word' id='word_1_97' title='bbox 147 1086 273 1156; x_wconf 89' lang='lat' dir='ltr'>[induciis</span> <span class='ocrx_word' id='word_1_98' title='bbox 290 1085 369 1135; x_wconf 86' lang='lat' dir='ltr'>factis</span> <span class='ocrx_word' id='word_1_99' title='bbox 388 1084 506 1153; x_wconf 85' lang='lat' dir='ltr'>colloqui</span> <span class='ocrx_word' id='word_1_100' title='bbox 523 1087 595 1137; x_wconf 89' lang='lat' dir='ltr'>soliti</span> <span class='ocrx_word' id='word_1_101' title='bbox 612 1094 701 1138; x_wconf 87' lang='lat' dir='ltr'>essent</span> <span class='ocrx_word' id='word_1_102' title='bbox 718 1086 799 1137; x_wconf 88' lang='lat' dir='ltr'>duces</span> <span class='ocrx_word' id='word_1_103' title='bbox 817 1085 911 1154; x_wconf 90' lang='lat' dir='ltr'>populi</span> <span class='ocrx_word' id='word_1_104' title='bbox 928 1085 1048 1137; x_wconf 87' lang='lat' dir='ltr'>Romani</span> <span class='ocrx_word' id='word_1_105' title='bbox 1067 1101 1132 1136; x_wconf 86' lang='lat' dir='ltr'>curn</span> 
     </span>
     <span class='ocr_line' id='line_1_12' title="bbox 88 1153 1131 1222; baseline -0.002 -16"><span class='ocrx_word' id='word_1_106' title='bbox 88 1155 221 1210; x_wconf 77' lang='lat' dir='ltr'>bostium</span> <span class='ocrx_word' id='word_1_107' title='bbox 244 1153 372 1220; x_wconf 70' lang='lat' dir='ltr'>dumibus,</span> <span class='ocrx_word' id='word_1_108' title='bbox 394 1169 557 1222; x_wconf 86' lang='lat' dir='ltr'>summaque</span> <span class='ocrx_word' id='word_1_109' title='bbox 582 1156 726 1211; x_wconf 86' lang='lat' dir='ltr'>severitate</span> <span class='ocrx_word' id='word_1_110' title='bbox 749 1155 931 1219; x_wconf 82' lang='lat' dir='ltr'>vindicatum,</span> <span class='ocrx_word' id='word_1_111' title='bbox 954 1154 977 1205; x_wconf 88' lang='lat' dir='ltr'>si</span> <span class='ocrx_word' id='word_1_112' title='bbox 998 1154 1131 1205; x_wconf 87' lang='lat' dir='ltr'>iniuriam</span> 
     </span>
     <span class='ocr_line' id='line_1_13' title="bbox 99 1219 1132 1296; baseline -0.004 -18"><span class='ocrx_word' id='word_1_113' title='bbox 99 1242 129 1278; x_wconf 85' lang='lat' dir='ltr'>aa</span> <span class='ocrx_word' id='word_1_114' title='bbox 147 1238 238 1296; x_wconf 86' lang='lat' dir='ltr'>passos</span> <span class='ocrx_word' id='word_1_115' title='bbox 255 1229 450 1291; x_wconf 77' lang='lat' dir='ltr'>quererentur,</span> <span class='ocrx_word' id='word_1_116' title='bbox 468 1223 587 1291; x_wconf 89' lang='lat' dir='ltr'>denique</span> <span class='ocrx_word' id='word_1_117' title='bbox 605 1224 712 1276; x_wconf 88' lang='lat' dir='ltr'>obsessa</span> <span class='ocrx_word' id='word_1_118' title='bbox 729 1223 799 1275; x_wconf 89' lang='lat' dir='ltr'>urbe</span> <span class='ocrx_word' id='word_1_119' title='bbox 816 1241 833 1276; x_wconf 84' lang='lat' dir='ltr'>a</span> <span class='ocrx_word' id='word_1_120' title='bbox 851 1219 1034 1292; x_wconf 78' lang='lat' dir='ltr'>Tarquinio,]</span> <span class='ocrx_word' id='word_1_121' title='bbox 1057 1223 1132 1274; x_wconf 91' lang='lat' dir='ltr'>inter</span> 
     </span>
     <span class='ocr_line' id='line_1_14' title="bbox 61 1291 1131 1358; baseline -0.006 -10"><span class='ocrx_word' id='word_1_122' title='bbox 61 1302 64 1307; x_wconf 91' lang='lat'>&#39;</span> <span class='ocrx_word' id='word_1_123' title='bbox 99 1295 268 1348; x_wconf 77' lang='lat' dir='ltr'>Porsennam</span> <span class='ocrx_word' id='word_1_124' title='bbox 293 1299 321 1344; x_wconf 91' lang='lat' dir='ltr'>et</span> <span class='ocrx_word' id='word_1_125' title='bbox 343 1291 485 1343; x_wconf 86' lang='lat' dir='ltr'>Romanos</span> <span class='ocrx_word' id='word_1_126' title='bbox 508 1293 586 1345; x_wconf 77' lang='lat' dir='ltr'>fa‘ctis</span> <span class='ocrx_word' id='word_1_127' title='bbox 608 1293 741 1358; x_wconf 88' lang='lat' dir='ltr'>induciis,</span> <span class='ocrx_word' id='word_1_128' title='bbox 767 1308 833 1343; x_wconf 89' lang='lat' dir='ltr'>cum</span> <span class='ocrx_word' id='word_1_129' title='bbox 855 1292 912 1343; x_wconf 87' lang='lat' dir='ltr'>ludi</span> <span class='ocrx_word' id='word_1_130' title='bbox 936 1293 1079 1342; x_wconf 78' lang='lat' dir='ltr'>Circenses</span> <span class='ocrx_word' id='word_1_131' title='bbox 1101 1292 1131 1342; x_wconf 92' lang='lat' dir='ltr'>in</span> 
     </span>
     <span class='ocr_line' id='line_1_15' title="bbox 99 1360 1131 1430; baseline -0.002 -16"><span class='ocrx_word' id='word_1_132' title='bbox 99 1363 169 1415; x_wconf 89' lang='lat' dir='ltr'>urbe</span> <span class='ocrx_word' id='word_1_133' title='bbox 201 1360 424 1430; x_wconf 76' lang='lat' dir='ltr'>celebrarentur,</span> <span class='ocrx_word' id='word_1_134' title='bbox 454 1360 570 1429; x_wconf 86' lang='lat' dir='ltr'>ingressi</span> <span class='ocrx_word' id='word_1_135' title='bbox 602 1362 720 1412; x_wconf 88' lang='lat' dir='ltr'>bostium</span> <span class='ocrx_word' id='word_1_136' title='bbox 746 1361 828 1413; x_wconf 87' lang='lat' dir='ltr'>duces</span> <span class='ocrx_word' id='word_1_137' title='bbox 859 1361 947 1412; x_wconf 88' lang='lat' dir='ltr'>curuli</span> <span class='ocrx_word' id='word_1_138' title='bbox 976 1361 1131 1412; x_wconf 85' lang='lat' dir='ltr'>certamine</span> 
     </span>
     <span class='ocr_line' id='line_1_16' title="bbox 26 1429 1131 1499; baseline -0.003 -17"><span class='ocrx_word' id='word_1_139' title='bbox 26 1444 28 1451; x_wconf 93' lang='grc'><strong><em>·</em></strong></span> <span class='ocrx_word' id='word_1_140' title='bbox 100 1430 312 1492; x_wconf 82' lang='lat' dir='ltr'>contenderent,</span> <span class='ocrx_word' id='word_1_141' title='bbox 335 1437 363 1482; x_wconf 90' lang='lat' dir='ltr'>et</span> <span class='ocrx_word' id='word_1_142' title='bbox 386 1430 502 1493; x_wconf 85' lang='lat' dir='ltr'>victores</span> <span class='ocrx_word' id='word_1_143' title='bbox 526 1437 733 1482; x_wconf 80' lang='lat' dir='ltr'>coronarentur.</span> <span class='ocrx_word' id='word_1_144' title='bbox 784 1430 919 1499; x_wconf 84' lang='lat' dir='ltr'>[Impune</span> <span class='ocrx_word' id='word_1_145' title='bbox 945 1437 1054 1492; x_wconf 83' lang='lat' dir='ltr'>eutem,</span> <span class='ocrx_word' id='word_1_146' title='bbox 1078 1429 1131 1480; x_wconf 90' lang='lat' dir='ltr'>boc</span> 
     </span>
     <span class='ocr_line' id='line_1_17' title="bbox 99 1495 1132 1569; baseline -0.006 -18"><span class='ocrx_word' id='word_1_147' title='bbox 99 1500 161 1552; x_wconf 93' lang='lat' dir='ltr'>loco</span> <span class='ocrx_word' id='word_1_148' title='bbox 178 1500 237 1550; x_wconf 89' lang='lat' dir='ltr'>sine</span> <span class='ocrx_word' id='word_1_149' title='bbox 254 1495 398 1567; x_wconf 79' lang='lat' dir='ltr'>periculo]</span> <span class='ocrx_word' id='word_1_150' title='bbox 411 1524 447 1536; x_wconf 90' lang='lat'><em>-</em></span> <span class='ocrx_word' id='word_1_151' title='bbox 482 1505 541 1556; x_wconf 80' lang='lat'>135.</span> <span class='ocrx_word' id='word_1_152' title='bbox 562 1498 646 1551; x_wconf 85' lang='lat' dir='ltr'>Ferro</span> <span class='ocrx_word' id='word_1_153' title='bbox 662 1500 778 1566; x_wconf 85' lang='lat' dir='ltr'>bipenni</span> <span class='ocrx_word' id='word_1_154' title='bbox 784 1524 793 1562; x_wconf 88' lang='lat'>,·</span> <span class='ocrx_word' id='word_1_155' title='bbox 811 1500 847 1551; x_wconf 87' lang='lat' dir='ltr'>ad</span> <span class='ocrx_word' id='word_1_156' title='bbox 859 1498 1000 1569; x_wconf 87' lang='lat' dir='ltr'>epitheton</span> <span class='ocrx_word' id='word_1_157' title='bbox 1014 1505 1132 1549; x_wconf 72' lang='lat' dir='ltr'>uanstu·</span> 
     </span>
     <span class='ocr_line' id='line_1_18' title="bbox 98 1553 1133 1637; baseline -0.005 -16"><span class='ocrx_word' id='word_1_158' title='bbox 98 1553 131 1621; x_wconf 81' lang='lat' dir='ltr'>llt</span> <span class='ocrx_word' id='word_1_159' title='bbox 146 1585 252 1620; x_wconf 88' lang='lat' dir='ltr'>nomen</span> <span class='ocrx_word' id='word_1_160' title='bbox 268 1567 420 1637; x_wconf 87' lang='lat' dir='ltr'>proprium.</span> <span class='ocrx_word' id='word_1_161' title='bbox 454 1567 527 1617; x_wconf 86' lang='lat' dir='ltr'>Nam</span> <span class='ocrx_word' id='word_1_162' title='bbox 545 1569 676 1635; x_wconf 78' lang='lat' dir='ltr'>bipennis</span> <span class='ocrx_word' id='word_1_163' title='bbox 694 1585 743 1636; x_wconf 88' lang='lat' dir='ltr'>per</span> <span class='ocrx_word' id='word_1_164' title='bbox 759 1584 788 1621; x_wconf 87' lang='lat' dir='ltr'>se</span> <span class='ocrx_word' id='word_1_165' title='bbox 806 1568 917 1636; x_wconf 75' lang='lat' dir='ltr'>plenum</span> <span class='ocrx_word' id='word_1_166' title='bbox 935 1574 990 1629; x_wconf 84' lang='lat' dir='ltr'>est,</span> <span class='ocrx_word' id='word_1_167' title='bbox 1012 1571 1042 1618; x_wconf 85' lang='lat' dir='ltr'>et</span> <span class='ocrx_word' id='word_1_168' title='bbox 1055 1581 1133 1617; x_wconf 86' lang='lat' dir='ltr'>secu-</span> 
     </span>
    </p>
   </div>
   <div class='ocr_carea' id='block_1_3' title="bbox 5 1636 1133 1705">
    <p class='ocr_par' dir='ltr' id='par_1_4' title="bbox 5 1636 1133 1705">
     <span class='ocr_line' id='line_1_19' title="bbox 5 1636 1133 1705; baseline -0.004 -16"><span class='ocrx_word' id='word_1_169' title='bbox 5 1636 7 1641; x_wconf 70' lang='grc'>’</span> <span class='ocrx_word' id='word_1_170' title='bbox 98 1638 154 1689; x_wconf 88' lang='lat' dir='ltr'>rim</span> <span class='ocrx_word' id='word_1_171' title='bbox 177 1636 324 1705; x_wconf 82' lang='lat' dir='ltr'>significat,</span> <span class='ocrx_word' id='word_1_172' title='bbox 346 1645 378 1686; x_wconf 90' lang='lat' dir='ltr'>ut</span> <span class='ocrx_word' id='word_1_173' title='bbox 402 1638 453 1704; x_wconf 83' lang='lat'>(2,</span> <span class='ocrx_word' id='word_1_174' title='bbox 469 1637 554 1698; x_wconf 77' lang='lat'>627.):</span> <span class='ocrx_word' id='word_1_175' title='bbox 583 1637 744 1704; x_wconf 74' lang='lat' dir='ltr'>crebrisque</span> <span class='ocrx_word' id='word_1_176' title='bbox 769 1637 940 1704; x_wconf 82' lang='lat' dir='ltr'>bipennibus</span> <span class='ocrx_word' id='word_1_177' title='bbox 956 1637 1080 1686; x_wconf 81' lang='lat' dir='ltr'>instant.</span> <span class='ocrx_word' id='word_1_178' title='bbox 1097 1661 1133 1672; x_wconf 94' lang='lat'><em>-</em></span> 
     </span>
    </p>
   </div>
   <div class='ocr_carea' id='block_1_4' title="bbox 15 1704 1137 4129">
    <p class='ocr_par' dir='ltr' id='par_1_5' title="bbox 15 1704 1137 4129">
     <span class='ocr_line' id='line_1_20' title="bbox 99 1704 1132 1775; baseline 0 -20"><span class='ocrx_word' id='word_1_179' title='bbox 99 1714 160 1766; x_wconf 75' lang='lat'>137.</span> <span class='ocrx_word' id='word_1_180' title='bbox 183 1706 297 1756; x_wconf 82' lang='lat' dir='ltr'>Robora</span> <span class='ocrx_word' id='word_1_181' title='bbox 305 1728 315 1770; x_wconf 92' lang='lat'>,·</span> <span class='ocrx_word' id='word_1_182' title='bbox 339 1706 423 1757; x_wconf 87' lang='lat' dir='ltr'>modo</span> <span class='ocrx_word' id='word_1_183' title='bbox 447 1705 533 1774; x_wconf 77' lang='lat' dir='ltr'>genus</span> <span class='ocrx_word' id='word_1_184' title='bbox 556 1707 625 1775; x_wconf 81' lang='lat' dir='ltr'>ligni</span> <span class='ocrx_word' id='word_1_185' title='bbox 650 1713 698 1758; x_wconf 91' lang='lat' dir='ltr'>est.</span> <span class='ocrx_word' id='word_1_186' title='bbox 715 1710 721 1723; x_wconf 57' lang='lat'>⁸</span> <span class='ocrx_word' id='word_1_187' title='bbox 741 1705 814 1757; x_wconf 89' lang='lat' dir='ltr'>Nam</span> <span class='ocrx_word' id='word_1_188' title='bbox 838 1714 879 1758; x_wconf 87' lang='lat' dir='ltr'>est</span> <span class='ocrx_word' id='word_1_189' title='bbox 903 1705 977 1756; x_wconf 89' lang='lat' dir='ltr'>inter</span> <span class='ocrx_word' id='word_1_190' title='bbox 1001 1704 1132 1774; x_wconf 82' lang='lat' dir='ltr'>specialia</span> 
     </span>
     <span class='ocr_line' id='line_1_21' title="bbox 98 1775 1132 1844; baseline -0.003 -16"><span class='ocrx_word' id='word_1_191' title='bbox 98 1776 281 1828; x_wconf 84' lang='lat' dir='ltr'>nominatum.</span> <span class='ocrx_word' id='word_1_192' title='bbox 298 1801 332 1811; x_wconf 95' lang='lat'>-</span> <span class='ocrx_word' id='word_1_193' title='bbox 367 1781 429 1833; x_wconf 83' lang='grc'><strong>138.</strong></span> <span class='ocrx_word' id='word_1_194' title='bbox 450 1775 589 1827; x_wconf 81' lang='lat' dir='ltr'>Plaustris</span> <span class='ocrx_word' id='word_1_195' title='bbox 606 1776 795 1844; x_wconf 73' lang='lat' dir='ltr'>gementibus,</span> <span class='ocrx_word' id='word_1_196' title='bbox 820 1775 870 1827; x_wconf 87' lang='lat' dir='ltr'>sub</span> <span class='ocrx_word' id='word_1_197' title='bbox 894 1775 1017 1843; x_wconf 87' lang='lat' dir='ltr'>pondere</span> <span class='ocrx_word' id='word_1_198' title='bbox 1034 1783 1132 1826; x_wconf 70' lang='lat' dir='ltr'>sunan-</span> 
     </span>
     <span class='ocr_line' id='line_1_22' title="bbox 29 1841 1132 1912; baseline -0.001 -17"><span class='ocrx_word' id='word_1_199' title='bbox 29 1869 31 1872; x_wconf 46' lang='lat'>*</span> <span class='ocrx_word' id='word_1_200' title='bbox 97 1845 178 1896; x_wconf 89' lang='lat' dir='ltr'>tibus.</span> <span class='ocrx_word' id='word_1_201' title='bbox 195 1873 230 1882; x_wconf 98' lang='lat'><em>-</em></span> <span class='ocrx_word' id='word_1_202' title='bbox 272 1847 332 1900; x_wconf 78' lang='grc'>141.</span> <span class='ocrx_word' id='word_1_203' title='bbox 352 1843 432 1911; x_wconf 82' lang='lat' dir='ltr'>Quae</span> <span class='ocrx_word' id='word_1_204' title='bbox 454 1846 533 1895; x_wconf 86' lang='lat' dir='ltr'>modo</span> <span class='ocrx_word' id='word_1_205' title='bbox 552 1853 618 1904; x_wconf 87' lang='lat' dir='ltr'>etc.;</span> <span class='ocrx_word' id='word_1_206' title='bbox 645 1843 761 1912; x_wconf 83' lang='lat' dir='ltr'>[Latio,</span> <span class='ocrx_word' id='word_1_207' title='bbox 785 1861 836 1912; x_wconf 88' lang='lat' dir='ltr'>pro</span> <span class='ocrx_word' id='word_1_208' title='bbox 862 1846 893 1894; x_wconf 89' lang='lat' dir='ltr'>in</span> <span class='ocrx_word' id='word_1_209' title='bbox 911 1841 1016 1907; x_wconf 82' lang='lat' dir='ltr'>Latio]</span> <span class='ocrx_word' id='word_1_210' title='bbox 1056 1843 1132 1895; x_wconf 92' lang='lat' dir='ltr'>Bene</span> 
     </span>
     <span class='ocr_line' id='line_1_23' title="bbox 100 1912 1133 1981; baseline -0.004 -16"><span class='ocrx_word' id='word_1_211' title='bbox 100 1915 189 1965; x_wconf 86' lang='lat' dir='ltr'>modo.</span> <span class='ocrx_word' id='word_1_212' title='bbox 222 1912 284 1963; x_wconf 89' lang='lat' dir='ltr'>Uno</span> <span class='ocrx_word' id='word_1_213' title='bbox 310 1915 386 1964; x_wconf 91' lang='lat' dir='ltr'>enim</span> <span class='ocrx_word' id='word_1_214' title='bbox 411 1914 562 1981; x_wconf 82' lang='lat' dir='ltr'>eodemque</span> <span class='ocrx_word' id='word_1_215' title='bbox 587 1914 631 1966; x_wconf 86' lang='lat' dir='ltr'>die</span> <span class='ocrx_word' id='word_1_216' title='bbox 657 1921 685 1967; x_wconf 87' lang='lat' dir='ltr'>et</span> <span class='ocrx_word' id='word_1_217' title='bbox 704 1914 815 1966; x_wconf 79' lang='lat' dir='ltr'>fortiter</span> <span class='ocrx_word' id='word_1_218' title='bbox 838 1913 905 1964; x_wconf 85' lang='lat' dir='ltr'>fecit</span> <span class='ocrx_word' id='word_1_219' title='bbox 928 1920 956 1964; x_wconf 89' lang='lat' dir='ltr'>et</span> <span class='ocrx_word' id='word_1_220' title='bbox 979 1913 1077 1979; x_wconf 87' lang='lat' dir='ltr'>periit:</span> <span class='ocrx_word' id='word_1_221' title='bbox 1102 1920 1133 1962; x_wconf 91' lang='lat' dir='ltr'>ut</span> 
     </span>
     <span class='ocr_line' id='line_1_24' title="bbox 99 1979 1134 2050; baseline -0.002 -18"><span class='ocrx_word' id='word_1_222' title='bbox 99 1981 266 2049; x_wconf 80' lang='lat'>(10,507.):</span> <span class='ocrx_word' id='word_1_223' title='bbox 289 1979 368 2034; x_wconf 82' lang='lat' dir='ltr'>Haec</span> <span class='ocrx_word' id='word_1_224' title='bbox 390 1993 416 2032; x_wconf 85' lang='lat' dir='ltr'>te</span> <span class='ocrx_word' id='word_1_225' title='bbox 433 1984 604 2048; x_wconf 61' lang='lat' dir='ltr'>prirnaaies</span> <span class='ocrx_word' id='word_1_226' title='bbox 622 1984 691 2033; x_wconf 86' lang='lat' dir='ltr'>bello</span> <span class='ocrx_word' id='word_1_227' title='bbox 711 1984 801 2047; x_wconf 80' lang='lat' dir='ltr'>dedit,</span> <span class='ocrx_word' id='word_1_228' title='bbox 825 1982 892 2032; x_wconf 85' lang='lat' dir='ltr'>baec</span> <span class='ocrx_word' id='word_1_229' title='bbox 916 1983 1010 2032; x_wconf 85' lang='lat' dir='ltr'>eadem</span> <span class='ocrx_word' id='word_1_230' title='bbox 1029 1981 1134 2050; x_wconf 82' lang='lat' dir='ltr'>aufert.</span> 
     </span>
     <span class='ocr_line' id='line_1_25' title="bbox 99 2050 1133 2121; baseline -0.002 -19"><span class='ocrx_word' id='word_1_231' title='bbox 99 2051 162 2121; x_wconf 87' lang='lat' dir='ltr'>[Alii</span> <span class='ocrx_word' id='word_1_232' title='bbox 180 2050 278 2114; x_wconf 80' lang='lat' dir='ltr'>modo,</span> <span class='ocrx_word' id='word_1_233' title='bbox 321 2052 382 2101; x_wconf 82' lang='lat' dir='ltr'>aulo</span> <span class='ocrx_word' id='word_1_234' title='bbox 401 2056 465 2102; x_wconf 85' lang='lat' dir='ltr'>ante</span> <span class='ocrx_word' id='word_1_235' title='bbox 482 2051 627 2120; x_wconf 83' lang='lat' dir='ltr'>accipiunt.</span> <span class='ocrx_word' id='word_1_236' title='bbox 662 2051 715 2103; x_wconf 80' lang='lat' dir='ltr'>Sed</span> <span class='ocrx_word' id='word_1_237' title='bbox 736 2053 832 2112; x_wconf 85' lang='lat' dir='ltr'>modo,</span> <span class='ocrx_word' id='word_1_238' title='bbox 848 2051 922 2103; x_wconf 81' lang='lat' dir='ltr'>haud</span> <span class='ocrx_word' id='word_1_239' title='bbox 939 2067 1004 2101; x_wconf 88' lang='lat' dir='ltr'>cum</span> <span class='ocrx_word' id='word_1_240' title='bbox 1021 2052 1133 2116; x_wconf 86' lang='lat' dir='ltr'>affectu,</span> 
     </span>
     <span class='ocr_line' id='line_1_26' title="bbox 97 2068 1133 2191; baseline -0.002 -19"><span class='ocrx_word' id='word_1_241' title='bbox 97 2129 129 2172; x_wconf 85' lang='lat' dir='ltr'>ut</span> <span class='ocrx_word' id='word_1_242' title='bbox 153 2118 280 2171; x_wconf 87' lang='lat' dir='ltr'>acerbior</span> <span class='ocrx_word' id='word_1_243' title='bbox 301 2068 390 2171; x_wconf 79' lang='lat' dir='ltr'>luctus</span> <span class='ocrx_word' id='word_1_244' title='bbox 415 2118 448 2172; x_wconf 89' lang='lat' dir='ltr'>de</span> <span class='ocrx_word' id='word_1_245' title='bbox 477 2127 554 2172; x_wconf 86' lang='lat' dir='ltr'>tauta</span> <span class='ocrx_word' id='word_1_246' title='bbox 583 2121 735 2191; x_wconf 70' lang='lat' dir='ltr'>mutatione</span> <span class='ocrx_word' id='word_1_247' title='bbox 765 2116 940 2179; x_wconf 61' lang='lat' dir='ltr'>nascentum</span> <span class='ocrx_word' id='word_1_248' title='bbox 969 2119 1016 2171; x_wconf 88' lang='lat' dir='ltr'>alii</span> <span class='ocrx_word' id='word_1_249' title='bbox 1042 2122 1133 2185; x_wconf 83' lang='lat' dir='ltr'>modo,</span> 
     </span>
     <span class='ocr_line' id='line_1_27' title="bbox 15 2187 1132 2260; baseline -0.002 -20"><span class='ocrx_word' id='word_1_250' title='bbox 15 2197 21 2207; x_wconf 83' lang='lat'><strong><em>‘</em></strong></span> <span class='ocrx_word' id='word_1_251' title='bbox 97 2204 186 2260; x_wconf 84' lang='lat' dir='ltr'>paene</span> <span class='ocrx_word' id='word_1_252' title='bbox 204 2187 362 2253; x_wconf 80' lang='lat' dir='ltr'>accipiunt]</span> <span class='ocrx_word' id='word_1_253' title='bbox 379 2215 412 2227; x_wconf 84' lang='lat'>-</span> <span class='ocrx_word' id='word_1_254' title='bbox 448 2192 509 2245; x_wconf 70' lang='lat'>142.</span> <span class='ocrx_word' id='word_1_255' title='bbox 527 2189 648 2240; x_wconf 79' lang='lat' dir='ltr'>Arcades</span> <span class='ocrx_word' id='word_1_256' title='bbox 673 2191 710 2239; x_wconf 81' lang='lat' dir='ltr'>ad</span> <span class='ocrx_word' id='word_1_257' title='bbox 734 2202 830 2258; x_wconf 83' lang='lat' dir='ltr'>portas</span> <span class='ocrx_word' id='word_1_258' title='bbox 855 2206 950 2253; x_wconf 81' lang='lat' dir='ltr'>ruere3</span> <span class='ocrx_word' id='word_1_259' title='bbox 975 2205 1020 2240; x_wconf 87' lang='lat' dir='ltr'>eos</span> <span class='ocrx_word' id='word_1_260' title='bbox 1046 2191 1132 2258; x_wconf 89' lang='lat' dir='ltr'>[nunc</span> 
     </span>
     <span class='ocr_line' id='line_1_28' title="bbox 97 2255 1132 2327; baseline -0.003 -15"><span class='ocrx_word' id='word_1_261' title='bbox 97 2255 225 2322; x_wconf 85' lang='lat' dir='ltr'>Arcadas]</span> <span class='ocrx_word' id='word_1_262' title='bbox 245 2256 328 2322; x_wconf 86' lang='lat' dir='ltr'>dicit,</span> <span class='ocrx_word' id='word_1_263' title='bbox 347 2258 395 2327; x_wconf 84' lang='lat' dir='ltr'>qui</span> <span class='ocrx_word' id='word_1_264' title='bbox 412 2256 487 2323; x_wconf 80' lang='lat' dir='ltr'>intra</span> <span class='ocrx_word' id='word_1_265' title='bbox 504 2259 642 2311; x_wconf 88' lang='lat' dir='ltr'>civitatem</span> <span class='ocrx_word' id='word_1_266' title='bbox 659 2267 729 2310; x_wconf 88' lang='lat' dir='ltr'>sunt.</span> <span class='ocrx_word' id='word_1_267' title='bbox 764 2256 865 2326; x_wconf 86' lang='lat' dir='ltr'>[Multa</span> <span class='ocrx_word' id='word_1_268' title='bbox 881 2265 977 2310; x_wconf 88' lang='lat' dir='ltr'>tumen</span> <span class='ocrx_word' id='word_1_269' title='bbox 995 2257 1132 2326; x_wconf 82' lang='lat' dir='ltr'>exempla-</span> 
     </span>
     <span class='ocr_line' id='line_1_29' title="bbox 97 2327 1132 2395; baseline -0.003 -15"><span class='ocrx_word' id='word_1_270' title='bbox 97 2328 155 2380; x_wconf 83' lang='lat' dir='ltr'>ria:</span> <span class='ocrx_word' id='word_1_271' title='bbox 172 2327 298 2376; x_wconf 80' lang='lat' dir='ltr'>Arcadas</span> <span class='ocrx_word' id='word_1_272' title='bbox 315 2338 344 2376; x_wconf 89' lang='lat' dir='ltr'>at</span> <span class='ocrx_word' id='word_1_273' title='bbox 361 2330 449 2393; x_wconf 88' lang='lat' dir='ltr'>portis</span> <span class='ocrx_word' id='word_1_274' title='bbox 469 2327 560 2393; x_wconf 79' lang='lat' dir='ltr'>(Febr.</span> <span class='ocrx_word' id='word_1_275' title='bbox 578 2328 685 2394; x_wconf 87' lang='lat' dir='ltr'>portas)</span> <span class='ocrx_word' id='word_1_276' title='bbox 705 2345 799 2392; x_wconf 84' lang='lat' dir='ltr'>ruere,</span> <span class='ocrx_word' id='word_1_277' title='bbox 821 2327 994 2395; x_wconf 88' lang='lat' dir='ltr'>habuerunt,</span> <span class='ocrx_word' id='word_1_278' title='bbox 1019 2335 1050 2377; x_wconf 89' lang='lat' dir='ltr'>ut</span> <span class='ocrx_word' id='word_1_279' title='bbox 1066 2343 1132 2377; x_wconf 87' lang='lat' dir='ltr'>con-</span> 
     </span>
     <span class='ocr_line' id='line_1_30' title="bbox 97 2393 1131 2464; baseline -0.002 -16"><span class='ocrx_word' id='word_1_280' title='bbox 97 2395 201 2448; x_wconf 88' lang='lat' dir='ltr'>iunctio</span> <span class='ocrx_word' id='word_1_281' title='bbox 226 2396 261 2445; x_wconf 90' lang='lat' dir='ltr'>sit</span> <span class='ocrx_word' id='word_1_282' title='bbox 282 2410 338 2459; x_wconf 86' lang='lat' dir='ltr'>non</span> <span class='ocrx_word' id='word_1_283' title='bbox 361 2397 544 2464; x_wconf 85' lang='lat' dir='ltr'>praepositio,</span> <span class='ocrx_word' id='word_1_284' title='bbox 574 2405 604 2447; x_wconf 92' lang='lat' dir='ltr'>ut</span> <span class='ocrx_word' id='word_1_285' title='bbox 628 2402 676 2462; x_wconf 78' lang='lat'>(4,</span> <span class='ocrx_word' id='word_1_286' title='bbox 701 2394 794 2459; x_wconf 77' lang='lat'>404.):</span> <span class='ocrx_word' id='word_1_287' title='bbox 829 2396 855 2445; x_wconf 84' lang='lat' dir='ltr'>It</span> <span class='ocrx_word' id='word_1_288' title='bbox 881 2393 995 2462; x_wconf 82' lang='lat' dir='ltr'>nigrum</span> <span class='ocrx_word' id='word_1_289' title='bbox 1022 2399 1131 2461; x_wconf 84' lang='lat' dir='ltr'>eampis</span> 
     </span>
     <span class='ocr_line' id='line_1_31' title="bbox 99 2465 1130 2533; baseline -0.001 -18"><span class='ocrx_word' id='word_1_290' title='bbox 99 2481 213 2533; x_wconf 80' lang='lat' dir='ltr'>agmen,</span> <span class='ocrx_word' id='word_1_291' title='bbox 231 2480 295 2533; x_wconf 88' lang='lat' dir='ltr'>pro,</span> <span class='ocrx_word' id='word_1_292' title='bbox 312 2483 360 2531; x_wconf 84' lang='lat' dir='ltr'>per</span> <span class='ocrx_word' id='word_1_293' title='bbox 378 2483 491 2532; x_wconf 88' lang='lat' dir='ltr'>campos</span> <span class='ocrx_word' id='word_1_294' title='bbox 509 2473 536 2518; x_wconf 90' lang='lat' dir='ltr'>et</span> <span class='ocrx_word' id='word_1_295' title='bbox 554 2465 699 2532; x_wconf 80' lang='lat'>(4,130.):</span> <span class='ocrx_word' id='word_1_296' title='bbox 722 2465 747 2514; x_wconf 85' lang='lat' dir='ltr'>lt</span> <span class='ocrx_word' id='word_1_297' title='bbox 764 2467 854 2531; x_wconf 86' lang='lat' dir='ltr'>portis</span> <span class='ocrx_word' id='word_1_298' title='bbox 872 2466 984 2532; x_wconf 82' lang='lat' dir='ltr'>iubare,</span> <span class='ocrx_word' id='word_1_299' title='bbox 1001 2483 1050 2532; x_wconf 90' lang='lat' dir='ltr'>per</span> <span class='ocrx_word' id='word_1_300' title='bbox 1067 2484 1130 2533; x_wconf 89' lang='lat' dir='ltr'>por-</span> 
     </span>
     <span class='ocr_line' id='line_1_32' title="bbox 97 2528 1131 2601; baseline -0.004 -15"><span class='ocrx_word' id='word_1_301' title='bbox 97 2547 158 2586; x_wconf 80' lang='lat' dir='ltr'>tas:</span> <span class='ocrx_word' id='word_1_302' title='bbox 182 2528 263 2583; x_wconf 86' lang='lat' dir='ltr'>&#39;ruere</span> <span class='ocrx_word' id='word_1_303' title='bbox 288 2543 397 2601; x_wconf 85' lang='lat' dir='ltr'>autem,</span> <span class='ocrx_word' id='word_1_304' title='bbox 420 2536 437 2586; x_wconf 91' lang='lat' dir='ltr'>i.</span> <span class='ocrx_word' id='word_1_305' title='bbox 462 2553 501 2600; x_wconf 76' lang='lat' dir='ltr'>a,</span> <span class='ocrx_word' id='word_1_306' title='bbox 524 2546 627 2601; x_wconf 82' lang='lat' dir='ltr'>magna</span> <span class='ocrx_word' id='word_1_307' title='bbox 649 2533 791 2586; x_wconf 87' lang='lat' dir='ltr'>velocitate</span> <span class='ocrx_word' id='word_1_308' title='bbox 815 2535 896 2599; x_wconf 81' lang='lat' dir='ltr'>ferri,</span> <span class='ocrx_word' id='word_1_309' title='bbox 920 2542 951 2584; x_wconf 92' lang='lat' dir='ltr'>ut</span> <span class='ocrx_word' id='word_1_310' title='bbox 974 2539 1021 2600; x_wconf 83' lang='lat'>(3,</span> <span class='ocrx_word' id='word_1_311' title='bbox 1045 2537 1131 2596; x_wconf 79' lang='lat'><strong>676.):</strong></span> 
     </span>
     <span class='ocr_line' id='line_1_33' title="bbox 98 2601 1129 2672; baseline 0 -20"><span class='ocrx_word' id='word_1_312' title='bbox 98 2603 228 2654; x_wconf 75' lang='lat' dir='ltr'>Excisum</span> <span class='ocrx_word' id='word_1_313' title='bbox 249 2604 320 2666; x_wconf 88' lang='lat' dir='ltr'>ruit,</span> <span class='ocrx_word' id='word_1_314' title='bbox 337 2604 372 2656; x_wconf 90' lang='lat' dir='ltr'>ad</span> <span class='ocrx_word' id='word_1_315' title='bbox 388 2601 497 2671; x_wconf 83' lang='lat' dir='ltr'>portas,</span> <span class='ocrx_word' id='word_1_316' title='bbox 520 2611 547 2655; x_wconf 87' lang='lat' dir='ltr'>et</span> <span class='ocrx_word' id='word_1_317' title='bbox 565 2604 610 2669; x_wconf 91' lang='lat' dir='ltr'>(G.</span> <span class='ocrx_word' id='word_1_318' title='bbox 629 2602 660 2668; x_wconf 66' lang='grc' dir='ltr'>θ’,</span> <span class='ocrx_word' id='word_1_319' title='bbox 679 2604 766 2665; x_wconf 81' lang='lat'>104.):</span> <span class='ocrx_word' id='word_1_320' title='bbox 789 2602 942 2670; x_wconf 73' lang='lat' dir='ltr'>fluuntque</span> <span class='ocrx_word' id='word_1_321' title='bbox 960 2603 1048 2672; x_wconf 84' lang='lat' dir='ltr'>effusi</span> <span class='ocrx_word' id='word_1_322' title='bbox 1066 2621 1129 2653; x_wconf 89' lang='lat' dir='ltr'>car·</span> 
     </span>
     <span class='ocr_line' id='line_1_34' title="bbox 99 2669 1132 2743; baseline -0.003 -20"><span class='ocrx_word' id='word_1_323' title='bbox 99 2689 158 2724; x_wconf 87' lang='lat' dir='ltr'>cere</span> <span class='ocrx_word' id='word_1_324' title='bbox 177 2688 294 2735; x_wconf 75' lang='lat' dir='ltr'>currus,</span> <span class='ocrx_word' id='word_1_325' title='bbox 318 2680 344 2723; x_wconf 89' lang='lat' dir='ltr'>et</span> <span class='ocrx_word' id='word_1_326' title='bbox 363 2690 441 2724; x_wconf 85' lang='lat' dir='ltr'>ruere</span> <span class='ocrx_word' id='word_1_327' title='bbox 459 2689 509 2742; x_wconf 90' lang='lat' dir='ltr'>pro</span> <span class='ocrx_word' id='word_1_328' title='bbox 526 2672 660 2738; x_wconf 86' lang='lat' dir='ltr'>ruebant,</span> <span class='ocrx_word' id='word_1_329' title='bbox 683 2672 823 2724; x_wconf 83' lang='lat' dir='ltr'>infinitum</span> <span class='ocrx_word' id='word_1_330' title='bbox 840 2689 890 2743; x_wconf 92' lang='lat' dir='ltr'>pro</span> <span class='ocrx_word' id='word_1_331' title='bbox 908 2669 1132 2741; x_wconf 67' lang='lat' dir='ltr'>pronuntiabam]</span> 
     </span>
     <span class='ocr_line' id='line_1_35' title="bbox 27 2739 1132 2810; baseline -0.002 -18"><span class='ocrx_word' id='word_1_332' title='bbox 27 2773 30 2781; x_wconf 73' lang='grc'><strong><em>»</em></strong></span> <span class='ocrx_word' id='word_1_333' title='bbox 98 2741 142 2793; x_wconf 92' lang='lat' dir='ltr'>De</span> <span class='ocrx_word' id='word_1_334' title='bbox 160 2758 234 2810; x_wconf 76' lang='lat' dir='ltr'>prore</span> <span class='ocrx_word' id='word_1_335' title='bbox 252 2752 375 2807; x_wconf 70' lang='lat' dir='ltr'>uetusta,</span> <span class='ocrx_word' id='word_1_336' title='bbox 403 2739 468 2810; x_wconf 85' lang='lat' dir='ltr'>quia</span> <span class='ocrx_word' id='word_1_337' title='bbox 485 2749 565 2793; x_wconf 87' lang='lat' dir='ltr'>antea</span> <span class='ocrx_word' id='word_1_338' title='bbox 587 2758 637 2810; x_wconf 89' lang='lat' dir='ltr'>per</span> <span class='ocrx_word' id='word_1_339' title='bbox 654 2751 765 2793; x_wconf 89' lang='lat' dir='ltr'>noctem</span> <span class='ocrx_word' id='word_1_340' title='bbox 782 2742 914 2794; x_wconf 81' lang='lat' dir='ltr'>cadavera</span> <span class='ocrx_word' id='word_1_341' title='bbox 930 2741 1132 2793; x_wconf 85' lang='lat' dir='ltr'>funerabantur</span> 
     </span>
     <span class='ocr_line' id='line_1_36' title="bbox 98 2806 1131 2880; baseline -0.003 -19"><span class='ocrx_word' id='word_1_342' title='bbox 98 2813 171 2878; x_wconf 87' lang='lat' dir='ltr'>(Vos.</span> <span class='ocrx_word' id='word_1_343' title='bbox 188 2809 368 2878; x_wconf 82' lang='lat' dir='ltr'>ferebantur,</span> <span class='ocrx_word' id='word_1_344' title='bbox 390 2810 461 2860; x_wconf 87' lang='lat' dir='ltr'>Dan.</span> <span class='ocrx_word' id='word_1_345' title='bbox 485 2809 634 2879; x_wconf 62' lang='lat' dir='ltr'>proferet„</span> <span class='ocrx_word' id='word_1_346' title='bbox 656 2811 737 2861; x_wconf 73' lang='lat' dir='ltr'>l‘abr.</span> <span class='ocrx_word' id='word_1_347' title='bbox 761 2810 905 2880; x_wconf 71' lang='lat' dir='ltr'>praesum,</span> <span class='ocrx_word' id='word_1_348' title='bbox 928 2811 958 2860; x_wconf 90' lang='lat' dir='ltr'>V.</span> <span class='ocrx_word' id='word_1_349' title='bbox 970 2806 1069 2878; x_wconf 77' lang='lat' dir='ltr'>saner.</span> <span class='ocrx_word' id='word_1_350' title='bbox 1087 2809 1131 2860; x_wconf 81' lang='lat' dir='ltr'>&#39;uel</span> 
     </span>
     <span class='ocr_line' id='line_1_37' title="bbox 97 2878 1130 2949; baseline -0.001 -19"><span class='ocrx_word' id='word_1_351' title='bbox 97 2898 148 2948; x_wconf 85' lang='lat' dir='ltr'>pro</span> <span class='ocrx_word' id='word_1_352' title='bbox 161 2879 269 2946; x_wconf 82' lang='lat' dir='ltr'>sursera</span> <span class='ocrx_word' id='word_1_353' title='bbox 287 2879 392 2949; x_wconf 77' lang='lat' dir='ltr'>-ferela,</span> <span class='ocrx_word' id='word_1_354' title='bbox 414 2879 448 2929; x_wconf 86' lang='lat' dir='ltr'>R.</span> <span class='ocrx_word' id='word_1_355' title='bbox 466 2881 509 2930; x_wconf 88' lang='lat' dir='ltr'>vel</span> <span class='ocrx_word' id='word_1_356' title='bbox 526 2897 576 2946; x_wconf 91' lang='lat' dir='ltr'>pro</span> <span class='ocrx_word' id='word_1_357' title='bbox 594 2878 703 2946; x_wconf 73' lang='lat' dir='ltr'>frenera</span> <span class='ocrx_word' id='word_1_358' title='bbox 716 2879 820 2946; x_wconf 75' lang='lat' dir='ltr'>sarab,</span> <span class='ocrx_word' id='word_1_359' title='bbox 842 2878 934 2949; x_wconf 82' lang='lat' dir='ltr'>steph.</span> <span class='ocrx_word' id='word_1_360' title='bbox 954 2897 1004 2944; x_wconf 88' lang='lat' dir='ltr'>pro</span> <span class='ocrx_word' id='word_1_361' title='bbox 1022 2879 1130 2948; x_wconf 76' lang='lat' dir='ltr'>funere</span> 
     </span>
     <span class='ocr_line' id='line_1_38' title="bbox 92 2947 1132 3018; baseline -0.002 -19"><span class='ocrx_word' id='word_1_362' title='bbox 92 2948 191 3018; x_wconf 75' lang='lat' dir='ltr'>seret.)</span> <span class='ocrx_word' id='word_1_363' title='bbox 209 2963 273 2997; x_wconf 91' lang='lat' dir='ltr'>cum</span> <span class='ocrx_word' id='word_1_364' title='bbox 291 2949 395 3000; x_wconf 77' lang='lat' dir='ltr'>sectilis.</span> <span class='ocrx_word' id='word_1_365' title='bbox 411 2976 445 2988; x_wconf 87' lang='lat'><em>-</em></span> <span class='ocrx_word' id='word_1_366' title='bbox 482 2952 542 3006; x_wconf 72' lang='grc'><strong>143.</strong></span> <span class='ocrx_word' id='word_1_367' title='bbox 561 2948 690 3014; x_wconf 79' lang='lat' dir='ltr'>Repuere</span> <span class='ocrx_word' id='word_1_368' title='bbox 701 2947 800 3016; x_wconf 79' lang='lat' dir='ltr'>faces3</span> <span class='ocrx_word' id='word_1_369' title='bbox 824 2964 957 3015; x_wconf 86' lang='lat' dir='ltr'>rapuere,</span> <span class='ocrx_word' id='word_1_370' title='bbox 980 2949 1084 3017; x_wconf 86' lang='lat' dir='ltr'>raptim</span> <span class='ocrx_word' id='word_1_371' title='bbox 1100 2955 1132 2999; x_wconf 89' lang='lat' dir='ltr'>et</span> 
     </span>
     <span class='ocr_line' id='line_1_39' title="bbox 96 3015 1137 3084; baseline -0.003 -15"><span class='ocrx_word' id='word_1_372' title='bbox 96 3017 259 3070; x_wconf 79' lang='lat' dir='ltr'>festinanter</span> <span class='ocrx_word' id='word_1_373' title='bbox 276 3018 407 3069; x_wconf 86' lang='lat' dir='ltr'>tulerunt.</span> <span class='ocrx_word' id='word_1_374' title='bbox 443 3016 505 3084; x_wconf 85' lang='lat' dir='ltr'>[Sed</span> <span class='ocrx_word' id='word_1_375' title='bbox 523 3018 596 3084; x_wconf 85' lang='lat' dir='ltr'>apud</span> <span class='ocrx_word' id='word_1_376' title='bbox 612 3016 754 3069; x_wconf 83' lang='lat' dir='ltr'>Romanos</span> <span class='ocrx_word' id='word_1_377' title='bbox 771 3019 855 3068; x_wconf 89' lang='lat' dir='ltr'>moris</span> <span class='ocrx_word' id='word_1_378' title='bbox 872 3015 939 3080; x_wconf 82' lang='lat' dir='ltr'>fuit,</span> <span class='ocrx_word' id='word_1_379' title='bbox 965 3024 995 3066; x_wconf 94' lang='lat' dir='ltr'>ut</span> <span class='ocrx_word' id='word_1_380' title='bbox 1011 3017 1137 3068; x_wconf 77' lang='lat' dir='ltr'>noctites&#39;</span> 
     </span>
     <span class='ocr_line' id='line_1_40' title="bbox 98 3078 1131 3154; baseline -0.002 -18"><span class='ocrx_word' id='word_1_381' title='bbox 98 3084 200 3151; x_wconf 84' lang='lat' dir='ltr'>(noctu)</span> <span class='ocrx_word' id='word_1_382' title='bbox 223 3078 390 3137; x_wconf 85' lang='lat' dir='ltr'>efferrentur</span> <span class='ocrx_word' id='word_1_383' title='bbox 414 3088 449 3138; x_wconf 85' lang='lat' dir='ltr'>ad</span> <span class='ocrx_word' id='word_1_384' title='bbox 472 3080 590 3146; x_wconf 84' lang='lat' dir='ltr'>lunalia;</span> <span class='ocrx_word' id='word_1_385' title='bbox 618 3088 692 3139; x_wconf 85' lang='lat' dir='ltr'>unde</span> <span class='ocrx_word' id='word_1_386' title='bbox 716 3086 800 3141; x_wconf 89' lang='lat' dir='ltr'>etiam</span> <span class='ocrx_word' id='word_1_387' title='bbox 816 3085 915 3154; x_wconf 75' lang='lat' dir='ltr'>funus</span> <span class='ocrx_word' id='word_1_388' title='bbox 945 3083 1050 3135; x_wconf 88' lang='lat' dir='ltr'>dictum</span> <span class='ocrx_word' id='word_1_389' title='bbox 1081 3092 1131 3148; x_wconf 91' lang='lat' dir='ltr'>est,</span> 
     </span>
     <span class='ocr_line' id='line_1_41' title="bbox 98 3152 1132 3222; baseline 0.001 -18"><span class='ocrx_word' id='word_1_390' title='bbox 98 3155 164 3222; x_wconf 86' lang='lat' dir='ltr'>quia</span> <span class='ocrx_word' id='word_1_391' title='bbox 181 3153 209 3203; x_wconf 88' lang='lat' dir='ltr'>in</span> <span class='ocrx_word' id='word_1_392' title='bbox 227 3152 355 3220; x_wconf 81' lang='lat' dir='ltr'>religiosa</span> <span class='ocrx_word' id='word_1_393' title='bbox 373 3156 480 3208; x_wconf 86' lang='lat' dir='ltr'>civitate</span> <span class='ocrx_word' id='word_1_394' title='bbox 498 3156 646 3222; x_wconf 84' lang='lat' dir='ltr'>cavebant,</span> <span class='ocrx_word' id='word_1_395' title='bbox 662 3174 698 3206; x_wconf 89' lang='lat' dir='ltr'>ne</span> <span class='ocrx_word' id='word_1_396' title='bbox 716 3162 763 3205; x_wconf 90' lang='lat' dir='ltr'>aut</span> <span class='ocrx_word' id='word_1_397' title='bbox 780 3152 985 3222; x_wconf 83' lang='lat' dir='ltr'>magistratibus</span> <span class='ocrx_word' id='word_1_398' title='bbox 1004 3169 1132 3205; x_wconf 90' lang='lat' dir='ltr'>occurre·</span> 
     </span>
     <span class='ocr_line' id='line_1_42' title="bbox 98 3221 1132 3292; baseline -0.002 -16"><span class='ocrx_word' id='word_1_399' title='bbox 98 3230 175 3285; x_wconf 86' lang='lat' dir='ltr'>rent,</span> <span class='ocrx_word' id='word_1_400' title='bbox 205 3229 252 3272; x_wconf 88' lang='lat' dir='ltr'>aut</span> <span class='ocrx_word' id='word_1_401' title='bbox 274 3223 475 3290; x_wconf 88' lang='lat' dir='ltr'>sacerdotibus,</span> <span class='ocrx_word' id='word_1_402' title='bbox 505 3240 624 3292; x_wconf 87' lang='lat' dir='ltr'>quorum</span> <span class='ocrx_word' id='word_1_403' title='bbox 649 3224 740 3274; x_wconf 90' lang='lat' dir='ltr'>oculos</span> <span class='ocrx_word' id='word_1_404' title='bbox 764 3225 895 3275; x_wconf 88' lang='lat' dir='ltr'>nolebant</span> <span class='ocrx_word' id='word_1_405' title='bbox 918 3221 1008 3273; x_wconf 85' lang='lat' dir='ltr'>alieno</span> <span class='ocrx_word' id='word_1_406' title='bbox 1031 3225 1132 3274; x_wconf 86' lang='lat' dir='ltr'>funere</span> 
     </span>
     <span class='ocr_line' id='line_1_43' title="bbox 97 3290 1131 3360; baseline -0.001 -18"><span class='ocrx_word' id='word_1_407' title='bbox 97 3290 201 3347; x_wconf 73' lang='lat' dir='ltr'>violari.</span> <span class='ocrx_word' id='word_1_408' title='bbox 244 3291 310 3346; x_wconf 85' lang='lat' dir='ltr'>Inde</span> <span class='ocrx_word' id='word_1_409' title='bbox 334 3292 419 3342; x_wconf 85' lang='lat' dir='ltr'>etiam</span> <span class='ocrx_word' id='word_1_410' title='bbox 442 3293 490 3360; x_wconf 90' lang='lat' dir='ltr'>qui</span> <span class='ocrx_word' id='word_1_411' title='bbox 512 3293 605 3344; x_wconf 78' lang='lat' dir='ltr'>itineri</span> <span class='ocrx_word' id='word_1_412' title='bbox 628 3291 790 3360; x_wconf 77' lang='lat' dir='ltr'>praeerant,</span> <span class='ocrx_word' id='word_1_413' title='bbox 820 3311 836 3345; x_wconf 88' lang='lat' dir='ltr'>a</span> <span class='ocrx_word' id='word_1_414' title='bbox 861 3308 973 3357; x_wconf 85' lang='lat' dir='ltr'>uespera</span> <span class='ocrx_word' id='word_1_415' title='bbox 1004 3292 1131 3358; x_wconf 87' lang='lat' dir='ltr'>primum</span> 
     </span>
     <span class='ocr_line' id='line_1_44' title="bbox 98 3359 1131 3429; baseline 0 -19"><span class='ocrx_word' id='word_1_416' title='bbox 98 3377 277 3425; x_wconf 82' lang='lat' dir='ltr'>vesperante,</span> <span class='ocrx_word' id='word_1_417' title='bbox 300 3359 401 3412; x_wconf 84' lang='lat' dir='ltr'>deinde</span> <span class='ocrx_word' id='word_1_418' title='bbox 428 3361 601 3429; x_wconf 77' lang='lat' dir='ltr'>Vespillones</span> <span class='ocrx_word' id='word_1_419' title='bbox 626 3362 693 3414; x_wconf 91' lang='lat' dir='ltr'>dicti</span> <span class='ocrx_word' id='word_1_420' title='bbox 715 3361 857 3427; x_wconf 88' lang='lat' dir='ltr'>videntur,</span> <span class='ocrx_word' id='word_1_421' title='bbox 879 3368 906 3413; x_wconf 90' lang='lat' dir='ltr'>et</span> <span class='ocrx_word' id='word_1_422' title='bbox 930 3360 1019 3428; x_wconf 83' lang='lat' dir='ltr'>magis</span> <span class='ocrx_word' id='word_1_423' title='bbox 1042 3361 1131 3410; x_wconf 86' lang='lat' dir='ltr'>moris</span> 
     </span>
     <span class='ocr_line' id='line_1_45' title="bbox 98 3428 1129 3496; baseline -0.002 -14"><span class='ocrx_word' id='word_1_424' title='bbox 98 3428 234 3495; x_wconf 75' lang='lat' dir='ltr'>Romani,</span> <span class='ocrx_word' id='word_1_425' title='bbox 263 3436 295 3478; x_wconf 94' lang='lat' dir='ltr'>ut</span> <span class='ocrx_word' id='word_1_426' title='bbox 316 3428 478 3496; x_wconf 83' lang='lat' dir='ltr'>impuberes</span> <span class='ocrx_word' id='word_1_427' title='bbox 501 3439 587 3484; x_wconf 90' lang='lat' dir='ltr'>noctu</span> <span class='ocrx_word' id='word_1_428' title='bbox 609 3433 774 3484; x_wconf 85' lang='lat' dir='ltr'>afferrentur</span> <span class='ocrx_word' id='word_1_429' title='bbox 799 3431 834 3482; x_wconf 89' lang='lat' dir='ltr'>ad</span> <span class='ocrx_word' id='word_1_430' title='bbox 856 3432 944 3494; x_wconf 87' lang='lat' dir='ltr'>faces,</span> <span class='ocrx_word' id='word_1_431' title='bbox 968 3447 1004 3479; x_wconf 91' lang='lat' dir='ltr'>ne</span> <span class='ocrx_word' id='word_1_432' title='bbox 1027 3428 1129 3480; x_wconf 87' lang='lat' dir='ltr'>sunere</span> 
     </span>
     <span class='ocr_line' id='line_1_46' title="bbox 98 3496 1131 3567; baseline -0.001 -17"><span class='ocrx_word' id='word_1_433' title='bbox 98 3500 263 3550; x_wconf 79' lang='lat' dir='ltr'>immaturae</span> <span class='ocrx_word' id='word_1_434' title='bbox 280 3497 380 3548; x_wconf 88' lang='lat' dir='ltr'>sobolis</span> <span class='ocrx_word' id='word_1_435' title='bbox 397 3497 494 3548; x_wconf 87' lang='lat' dir='ltr'>domus</span> <span class='ocrx_word' id='word_1_436' title='bbox 510 3501 707 3562; x_wconf 86' lang='lat' dir='ltr'>funestaretur,</span> <span class='ocrx_word' id='word_1_437' title='bbox 731 3500 804 3567; x_wconf 84' lang='lat' dir='ltr'>quod</span> <span class='ocrx_word' id='word_1_438' title='bbox 821 3499 970 3567; x_wconf 86' lang='lat' dir='ltr'>praecipue</span> <span class='ocrx_word' id='word_1_439' title='bbox 987 3496 1131 3549; x_wconf 84' lang='lat' dir='ltr'>accidebat</span> 
     </span>
     <span class='ocr_line' id='line_1_47' title="bbox 98 3564 1133 3634; baseline -0.002 -16"><span class='ocrx_word' id='word_1_440' title='bbox 98 3567 127 3618; x_wconf 88' lang='lat' dir='ltr'>in</span> <span class='ocrx_word' id='word_1_441' title='bbox 147 3581 244 3617; x_wconf 90' lang='lat' dir='ltr'>eorum</span> <span class='ocrx_word' id='word_1_442' title='bbox 261 3566 309 3633; x_wconf 88' lang='lat' dir='ltr'>qui</span> <span class='ocrx_word' id='word_1_443' title='bbox 331 3567 360 3618; x_wconf 93' lang='lat' dir='ltr'>in</span> <span class='ocrx_word' id='word_1_444' title='bbox 377 3568 542 3634; x_wconf 85' lang='lat' dir='ltr'>magistratu</span> <span class='ocrx_word' id='word_1_445' title='bbox 568 3576 648 3620; x_wconf 88' lang='lat' dir='ltr'>erant</span> <span class='ocrx_word' id='word_1_446' title='bbox 670 3568 740 3618; x_wconf 86' lang='lat' dir='ltr'>liliis.</span> <span class='ocrx_word' id='word_1_447' title='bbox 774 3569 839 3620; x_wconf 90' lang='lat' dir='ltr'>ldeo</span> <span class='ocrx_word' id='word_1_448' title='bbox 856 3564 983 3631; x_wconf 61' lang='lat' dir='ltr'>Virgilius</span> <span class='ocrx_word' id='word_1_449' title='bbox 1001 3565 1133 3616; x_wconf 85' lang='lat' dir='ltr'>Pallantis</span> 
     </span>
     <span class='ocr_line' id='line_1_48' title="bbox 99 3623 1131 3704; baseline -0.001 -19"><span class='ocrx_word' id='word_1_450' title='bbox 99 3651 201 3702; x_wconf 84' lang='lat' dir='ltr'>corpus</span> <span class='ocrx_word' id='word_1_451' title='bbox 217 3635 284 3686; x_wconf 85' lang='lat' dir='ltr'>facit</span> <span class='ocrx_word' id='word_1_452' title='bbox 300 3636 386 3703; x_wconf 79' lang='lat' dir='ltr'>excipi</span> <span class='ocrx_word' id='word_1_453' title='bbox 403 3636 522 3700; x_wconf 84' lang='lat' dir='ltr'>facibus,</span> <span class='ocrx_word' id='word_1_454' title='bbox 546 3637 612 3704; x_wconf 84' lang='lat' dir='ltr'>quia</span> <span class='ocrx_word' id='word_1_455' title='bbox 628 3637 761 3689; x_wconf 88' lang='lat' dir='ltr'>acerbum</span> <span class='ocrx_word' id='word_1_456' title='bbox 778 3639 868 3688; x_wconf 88' lang='lat' dir='ltr'>funus.</span> <span class='ocrx_word' id='word_1_457' title='bbox 901 3623 1015 3686; x_wconf 77' lang='lat' dir='ltr'>Funera</span> <span class='ocrx_word' id='word_1_458' title='bbox 1035 3643 1131 3686; x_wconf 74' lang='lat' dir='ltr'>utitem</span> 
     </span>
     <span class='ocr_line' id='line_1_49' title="bbox 98 3703 1133 3772; baseline -0.005 -16"><span class='ocrx_word' id='word_1_459' title='bbox 98 3705 147 3756; x_wconf 87' lang='lat' dir='ltr'>alii</span> <span class='ocrx_word' id='word_1_460' title='bbox 164 3722 180 3756; x_wconf 88' lang='lat' dir='ltr'>a</span> <span class='ocrx_word' id='word_1_461' title='bbox 196 3703 350 3772; x_wconf 78' lang='lat' dir='ltr'>funalibus</span> <span class='ocrx_word' id='word_1_462' title='bbox 369 3706 510 3770; x_wconf 78' lang='lat' dir='ltr'>candelis,</span> <span class='ocrx_word' id='word_1_463' title='bbox 533 3705 599 3756; x_wconf 89' lang='lat' dir='ltr'>sebo</span> <span class='ocrx_word' id='word_1_464' title='bbox 616 3706 660 3759; x_wconf 86' lang='lat' dir='ltr'>vel</span> <span class='ocrx_word' id='word_1_465' title='bbox 676 3723 742 3759; x_wconf 81' lang='lat' dir='ltr'>cera</span> <span class='ocrx_word' id='word_1_466' title='bbox 758 3704 934 3757; x_wconf 85' lang='lat' dir='ltr'>circumdatis</span> <span class='ocrx_word' id='word_1_467' title='bbox 951 3703 1038 3753; x_wconf 89' lang='lat' dir='ltr'>dicta.</span> <span class='ocrx_word' id='word_1_468' title='bbox 1056 3705 1133 3770; x_wconf 86' lang='lat' dir='ltr'>quod</span> 
     </span>
     <span class='ocr_line' id='line_1_50' title="bbox 76 3770 1132 3844; baseline -0.002 -18"><span class='ocrx_word' id='word_1_469' title='bbox 76 3834 77 3839; x_wconf 13' lang='lat'>¹</span> <span class='ocrx_word' id='word_1_470' title='bbox 99 3774 142 3826; x_wconf 86' lang='lat' dir='ltr'>bis</span> <span class='ocrx_word' id='word_1_471' title='bbox 166 3774 387 3844; x_wconf 84' lang='lat' dir='ltr'>praelucentibus</span> <span class='ocrx_word' id='word_1_472' title='bbox 410 3782 493 3825; x_wconf 88' lang='lat' dir='ltr'>noctu</span> <span class='ocrx_word' id='word_1_473' title='bbox 517 3774 684 3827; x_wconf 83' lang='lat' dir='ltr'>efferrentur</span> <span class='ocrx_word' id='word_1_474' title='bbox 707 3774 817 3826; x_wconf 90' lang='lat' dir='ltr'>mortui.</span> <span class='ocrx_word' id='word_1_475' title='bbox 859 3773 912 3823; x_wconf 80' lang='lat' dir='ltr'>Alii</span> <span class='ocrx_word' id='word_1_476' title='bbox 935 3790 951 3823; x_wconf 86' lang='lat' dir='ltr'>a</span> <span class='ocrx_word' id='word_1_477' title='bbox 968 3770 1132 3839; x_wconf 67' lang='lat' dir='ltr'>fungendo,</span> 
     </span>
     <span class='ocr_line' id='line_1_51' title="bbox 99 3839 1132 3913; baseline -0.001 -20"><span class='ocrx_word' id='word_1_478' title='bbox 99 3845 173 3910; x_wconf 76' lang='lat' dir='ltr'>quod</span> <span class='ocrx_word' id='word_1_479' title='bbox 197 3858 230 3896; x_wconf 90' lang='lat' dir='ltr'>eo</span> <span class='ocrx_word' id='word_1_480' title='bbox 255 3859 401 3913; x_wconf 85' lang='lat' dir='ltr'>praesumo</span> <span class='ocrx_word' id='word_1_481' title='bbox 418 3843 431 3876; x_wconf 85' lang='lat'>*</span> <span class='ocrx_word' id='word_1_482' title='bbox 448 3842 597 3909; x_wconf 88' lang='lat' dir='ltr'>(supremo)</span> <span class='ocrx_word' id='word_1_483' title='bbox 621 3845 650 3895; x_wconf 89' lang='lat' dir='ltr'>iu</span> <span class='ocrx_word' id='word_1_484' title='bbox 675 3861 708 3896; x_wconf 87' lang='lat' dir='ltr'>eo</span> <span class='ocrx_word' id='word_1_485' title='bbox 733 3844 780 3911; x_wconf 86' lang='lat' dir='ltr'>qui</span> <span class='ocrx_word' id='word_1_486' title='bbox 797 3843 911 3893; x_wconf 83' lang='lat' dir='ltr'>decessit</span> <span class='ocrx_word' id='word_1_487' title='bbox 927 3839 1016 3890; x_wconf 87' lang='lat' dir='ltr'>officio</span> <span class='ocrx_word' id='word_1_488' title='bbox 1039 3842 1132 3910; x_wconf 82' lang='lat' dir='ltr'>fungi-</span> 
     </span>
     <span class='ocr_line' id='line_1_52' title="bbox 98 3910 1132 3979; baseline -0.002 -16"><span class='ocrx_word' id='word_1_489' title='bbox 98 3927 179 3974; x_wconf 89' lang='lat' dir='ltr'>mur,</span> <span class='ocrx_word' id='word_1_490' title='bbox 202 3911 244 3963; x_wconf 86' lang='lat' dir='ltr'>vel</span> <span class='ocrx_word' id='word_1_491' title='bbox 267 3911 340 3979; x_wconf 88' lang='lat' dir='ltr'>quod</span> <span class='ocrx_word' id='word_1_492' title='bbox 358 3913 390 3964; x_wconf 88' lang='lat' dir='ltr'>bi</span> <span class='ocrx_word' id='word_1_493' title='bbox 408 3911 455 3979; x_wconf 84' lang='lat' dir='ltr'>qui</span> <span class='ocrx_word' id='word_1_494' title='bbox 480 3911 583 3961; x_wconf 91' lang='lat' dir='ltr'>mortui</span> <span class='ocrx_word' id='word_1_495' title='bbox 606 3919 683 3978; x_wconf 89' lang='lat' dir='ltr'>sunt,</span> <span class='ocrx_word' id='word_1_496' title='bbox 707 3914 765 3962; x_wconf 83' lang='lat' dir='ltr'>uita</span> <span class='ocrx_word' id='word_1_497' title='bbox 784 3912 884 3978; x_wconf 84' lang='lat' dir='ltr'>functi</span> <span class='ocrx_word' id='word_1_498' title='bbox 908 3910 1045 3961; x_wconf 85' lang='lat' dir='ltr'>dicuntur.</span> <span class='ocrx_word' id='word_1_499' title='bbox 1079 3911 1132 3961; x_wconf 87' lang='lat' dir='ltr'>Alii</span> 
     </span>
     <span class='ocr_line' id='line_1_53' title="bbox 100 3979 1131 4052; baseline 0 -21"><span class='ocrx_word' id='word_1_500' title='bbox 100 3979 225 4044; x_wconf 84' lang='lat' dir='ltr'>tradunt,</span> <span class='ocrx_word' id='word_1_501' title='bbox 249 3980 284 4032; x_wconf 88' lang='lat' dir='ltr'>de</span> <span class='ocrx_word' id='word_1_502' title='bbox 301 3980 364 4031; x_wconf 85' lang='lat' dir='ltr'>filiis</span> <span class='ocrx_word' id='word_1_503' title='bbox 382 3981 430 4049; x_wconf 83' lang='lat' dir='ltr'>qui</span> <span class='ocrx_word' id='word_1_504' title='bbox 445 3980 475 4032; x_wconf 90' lang='lat' dir='ltr'>in</span> <span class='ocrx_word' id='word_1_505' title='bbox 493 3987 625 4052; x_wconf 86' lang='lat' dir='ltr'>potestate</span> <span class='ocrx_word' id='word_1_506' title='bbox 661 3983 727 4033; x_wconf 89' lang='lat' dir='ltr'>atris</span> <span class='ocrx_word' id='word_1_507' title='bbox 744 3982 813 4042; x_wconf 81' lang='lat' dir='ltr'>siat,</span> <span class='ocrx_word' id='word_1_508' title='bbox 830 3994 885 4030; x_wconf 86' lang='lat' dir='ltr'>non</span> <span class='ocrx_word' id='word_1_509' title='bbox 904 3979 995 4045; x_wconf 88' lang='lat' dir='ltr'>putari</span> <span class='ocrx_word' id='word_1_510' title='bbox 1012 3979 1054 4028; x_wconf 89' lang='lat' dir='ltr'>ius</span> <span class='ocrx_word' id='word_1_511' title='bbox 1072 3998 1131 4031; x_wconf 88' lang='lat' dir='ltr'>asse</span> 
     </span>
     <span class='ocr_line' id='line_1_54' title="bbox 16 3999 1133 4129; baseline -0.001 -28"><span class='ocrx_word' id='word_1_512' title='bbox 16 4122 19 4129; x_wconf 28' lang='grc' dir='ltr'>Ι</span> <span class='ocrx_word' id='word_1_513' title='bbox 94 4048 192 4116; x_wconf 74' lang='lat' dir='ltr'>sunus</span> <span class='ocrx_word' id='word_1_514' title='bbox 208 4046 300 4102; x_wconf 77' lang='lat' dir='ltr'>vacui</span> <span class='ocrx_word' id='word_1_515' title='bbox 317 4047 448 4122; x_wconf 84' lang='lat' dir='ltr'>fierique,</span> <span class='ocrx_word' id='word_1_516' title='bbox 470 4050 535 4121; x_wconf 72' lang='lat' dir='ltr'>quia</span> <span class='ocrx_word' id='word_1_517' title='bbox 551 4050 622 4105; x_wconf 78' lang='lat' dir='ltr'>sarri</span> <span class='ocrx_word' id='word_1_518' title='bbox 641 3999 706 4104; x_wconf 82' lang='lat' dir='ltr'>loco</span> <span class='ocrx_word' id='word_1_519' title='bbox 728 4047 783 4103; x_wconf 85' lang='lat' dir='ltr'>siut</span> <span class='ocrx_word' id='word_1_520' title='bbox 805 4048 931 4121; x_wconf 83' lang='lat' dir='ltr'>parenti,</span> <span class='ocrx_word' id='word_1_521' title='bbox 941 4055 982 4099; x_wconf 74' lang='lat' dir='ltr'>et</span> <span class='ocrx_word' id='word_1_522' title='bbox 997 4046 1020 4099; x_wconf 90' lang='lat' dir='ltr'>si</span> <span class='ocrx_word' id='word_1_523' title='bbox 1036 4048 1066 4100; x_wconf 85' lang='lat' dir='ltr'>id</span> <span class='ocrx_word' id='word_1_524' title='bbox 1083 4049 1133 4100; x_wconf 82' lang='lat' dir='ltr'>siat</span> 
     </span>
    </p>
   </div>
   <div class='ocr_carea' id='block_1_5' title="bbox 0 0 1148 4514">
    <p class='ocr_par' dir='ltr' id='par_1_6' title="bbox 0 0 1148 4514">
     <span class='ocr_line' id='line_1_55' title="bbox 0 0 1148 4514; baseline 0 0"><span class='ocrx_word' id='word_1_525' title='bbox 0 0 1148 4514; x_wconf 95' lang='lat' dir='ltr'> </span> 
     </span>
    </p>
   </div>
  </div>
 </body>
</html>
